1757 2580
515 561 793 621 Conspectus
828 562 993 622 operis.

1323 651 1407 676 Pngim

136 684 158 712 Ι.
173 686 214 713 ΒΘ
232 685 344 712 Homeri
363 685 589 719 interpretatione
609 685 765 719 allegorica.

210 729 349 757 Praefatio
370 750 1314 758 ......................
1389 732 1405 757 3

211 775 299 808 Caput
317 777 338 802 Ι.
377 775 416 801 ΒΘ
435 774 568 801 Heracliti
587 778 615 801 et
634 774 716 801 Vitae
735 774 848 801 Homeri
866 774 942 801 fonte
962 774 1105 801 communi.

244 819 285 846 ΒΘ
303 819 385 846 Vitae
405 819 516 846 Homeri
535 819 624 846 indole
644 822 726 853 atque
746 822 858 846 anctore
898 838 1311 847 ..........
1386 821 1401 845 5

244 863 285 890 ΒΘ
303 863 482 890 instauranda.
501 863 590 896 operis
609 863 757 890 communis
776 863 896 897 imagine
945 883 1312 891 .........
1370 865 1403 891 16

243 907 288 934 ΒΘ
307 907 369 934 aliis
382 907 518 934 Heracliti
536 907 657 934 fontibus
677 911 705 934 et
718 915 786 941 quae
805 907 830 934 ei
849 907 921 934 ratio
940 907 1097 935 intercedat
1115 915 1176 935 cum
1190 908 1312 935 cornuto
1367 909 1402 935 22

246 952 286 978 De
306 951 390 978 Sexto
410 951 498 977 Probo
519 951 670 984 Porphyrio
681 970 1315 979 ...............
1370 952 1405 979 29

211 996 300 1029 Caput
318 996 355 1022 11.
394 996 433 1022 ΒΘ
453 996 608 1022 Eustathio.

245 1041 285 1067 De
304 1040 497 1067 commentario
517 1041 663 1074 allegorico
683 1041 716 1067 ab
736 1040 883 1077 Euetathio
904 1044 1036 1074 usurpato
1078 1060 1310 1068 ......
1366 1042 1400 1068 36

246 1086 285 1112 ΒΘ
305 1085 388 1112 Demo
408 1085 488 1111 huius
507 1085 694 1112 commentarii
713 1089 824 1112 auctore
857 1103 1312 1112 ...........
1369 1086 1403 1113 48

211 1129 300 1162 Caput
318 1129 371 1156 ΠΙ.
408 1130 448 1156 ΒΘ
468 1129 587 1156 Cratete

245 1174 285 1201 De
304 1174 475 1208 fragmentis,
496 1182 565 1207 quae
584 1175 618 1201 ad
637 1175 771 1202 elementa
789 1177 916 1208 spectant
947 1194 1314 1202 .........
1371 1175 1405 1201 59

245 1219 285 1245 ΒΘ
305 1218 366 1245 aliis
385 1218 505 1245 Cratetis
525 1219 666 1253 allegoriis
680 1238 1313 1246 ...............
1370 1220 1403 1246 65

247 1263 286 1290 ΒΘ
305 1262 457 1290 Philodemi
475 1263 632 1290 testimonio
681 1284 1315 1291 ...............
1371 1265 1405 1291 72

125 1306 163 1334 11.
177 1307 218 1334 De
238 1307 396 1341 Apollodori
416 1308 591 1334 Atheniensis
610 1316 691 1341 opere
714 1310 773 1342 περὶ
794 1308 877 1334 θεῶν.

211 1346 350 1378 ΡηΘίΘιίο
385 1371 1329 1380 ......................
1368 1354 1402 1380 83

212 1395 300 1429 Caput
318 1395 341 1422 Ι.
378 1396 419 1422 ΒΘ
438 1395 601 1430 fragmentis
620 1396 698 1423 novis
718 1397 882 1429 Apollodoro
902 1396 1081 1423 vindicandis.

246 1440 290 1466 De
308 1439 456 1474 Porphyrii
475 1441 679 1473 quaestionibus
698 1441 849 1468 Homericis
902 1461 1315 1468 ..........
1371 1442 1405 1469 84

247 1485 288 1511 De
306 1484 443 1518 excerptis
462 1486 522 1519 περὶ
541 1484 707 1517 ἀγαλμάτων
727 1504 1317 1513 ..............
1373 1486 1407 1513 94

247 1529 287 1555 ΒΘ
307 1529 438 1555 Macrobii
456 1529 513 1555 Sat.
534 1529 556 1561 I,
576 1530 609 1556 17
637 1549 1315 1557 ................
1354 1531 1404 1558 101

212 1572 301 1606 Caput
319 1573 357 1599 lI.
394 1573 435 1599 De
454 1573 542 1606 operis
561 1576 621 1607 περὶ
642 1574 718 1598 θεῶν
738 1574 843 1601 ratione
863 1578 945 1607 atque
966 1575 1062 1602 indole.

247 1617 287 1644 De
305 1617 459 1643 notionibus
478 1617 589 1644 deorum
608 1618 764 1644 definiendis
814 1638 1315 1647 ............
1355 1620 1405 1647 107

247 1661 288 1687 ΒΘ
306 1661 400 1688 ordine
422 1661 553 1688 librorum
588 1681 1313 1692 .................
1352 1665 1403 1691 117
