1697 2530
897 217 936 246 22

281 320 418 360 amplam
436 319 531 351 habet
546 320 837 360 interpretationem
853 321 1031 352 Heraclitus
1049 322 1088 362 (c.
1105 324 1258 364 43—51),
1277 322 1349 354 dum
1366 323 1551 355 Plutarchus

281 382 361 413 pers.
387 383 455 403 eam
480 382 545 404 rem
569 383 609 403 ne
628 373 724 404 verbo
742 373 866 412 quidem
884 374 1018 414 attingit.
1058 375 1210 406 Heracliti
1227 378 1332 407 autem
1348 376 1393 407 ita
1409 376 1552 407 instituta

281 425 451 466 disputatio
469 429 524 465 est,
542 429 574 456 ut
586 426 718 466 primum
732 426 857 466 quidem
870 427 957 457 illum
971 427 1107 468 clipeum
1119 428 1286 459 rotundum
1300 439 1369 460 esse
1384 429 1551 460 edoceatur

281 481 388 518 utpote
423 478 550 510 rotundi
581 479 687 510 mundi
711 483 1003 520 repraesentantem
1028 480 1210 521 imaginem3
1245 485 1308 512 tum
1332 483 1396 513 alia
1420 492 1552 523 quoquc,

281 531 392 570 quibus
416 532 494 563 haec
517 532 624 573 opinio
642 533 872 573 comprobetur,
893 536 1080 572 argumenta
1097 534 1320 573 conquirantur
1344 535 1381 575 (c.
1399 536 1552 575 44—47).

281 593 341 622 quo
366 594 382 614 e
407 595 537 616 numero
566 585 626 616 etsi
653 596 748 616 unum
773 588 894 616 tantum
920 586 1002 626 apud
1026 586 1226 617 Plutarchum
1251 597 1373 627 quoque
1397 588 1553 628 reperitur

281 643 318 669 (e.
338 638 412 673 110)
437 648 474 668 ac
498 648 537 669 ne
562 637 593 669 id
619 638 741 678 quidem
766 638 797 669 in
823 648 861 670 ea
885 643 985 679 parte,
1011 649 1073 678 qua
1098 639 1136 670 de
1157 639 1262 670 mundi
1279 640 1380 671 forma
1395 644 1427 671 et
1443 641 1552 672 ordine

281 689 468 730 disputatur,
508 694 612 722 tamen
649 701 687 722 ex
723 692 871 722 universa
911 692 1178 732 interpretationis
1217 692 1323 724 indole
1359 703 1396 724 ac
1430 693 1552 724 ratione

280 742 408 773 dubium
432 744 483 774 vix
508 754 577 775 esse
603 748 718 785 potest,
744 745 817 784 quin
842 745 904 776 sint
924 745 979 776 illa
996 745 1101 776 omnia
1118 756 1156 776 ex
1173 746 1282 776 eodem
1299 746 1353 777 illo
1370 746 1409 777 de
1425 746 1554 777 Homeri

280 795 482 836 philosophia
506 806 601 838 opere
627 798 801 837 desumpta.
841 797 872 828 id
901 798 984 837 quod
1014 798 1128 829 clarius
1153 799 1247 830 etiam
1272 799 1363 829 uobis
1387 798 1554 839 apparebit

280 848 370 887 infra,
401 849 452 880 ubi
484 850 564 880 alios
596 850 686 881 huius
720 850 814 881 fontis
846 851 962 882 rivulos
996 851 1186 882 sectabimur
1218 852 1268 886 (cf.
1300 862 1329 892 p.
1356 852 1466 892 61ss.).
1515 851 1552 882 de

280 903 426 932 meteoris
452 903 630 934 Heraclitus
654 903 750 934 habet
775 914 869 934 unum
897 907 1016 934 tantum
1046 907 1141 944 caput
1166 905 1220 943 75;
1255 905 1346 945 plura
1373 907 1445 935 sunt
1469 904 1553 945 apud

280 955 481 986 Plutarchum
499 966 544 987 cc.
564 958 747 995 109—111‚
774 966 853 995 quae
872 957 898 987 si
916 957 1122 997 comparabis,
1144 957 1239 988 multo
1257 958 1351 989 etiam
1369 957 1552 998 ampliorem

281 1017 350 1039 eam
376 1012 496 1049 partem
514 1010 588 1040 olim
608 1010 765 1040 exstitisse
785 1010 877 1040 facile
895 1010 1057 1041 concedes.
1097 1010 1237 1049 sequitur
1253 1010 1337 1051 apud
1354 1010 1553 1041 Plutarchum

281 1061 367 1092 Iocus
396 1061 434 1093 de
462 1065 574 1093 natura
603 1063 739 1100 deorum,
771 1063 811 1094 ad
840 1073 930 1101 quem
959 1063 1087 1103 respicit
1115 1064 1249 1094 fortasse
1278 1063 1456 1094 Heraclitus
1481 1073 1507 1094 c.
1526 1065 1553 1093 2.

281 1117 345 1144 tum
371 1114 409 1146 de
434 1116 539 1146 anima
555 1116 742 1146 Plutarchus
768 1126 793 1146 e.
814 1117 986 1147 129—130
1013 1115 1138 1147 disserit
1161 1116 1351 1147 simillimum
1376 1117 1406 1147 in
1429 1116 1552 1146 modum

281 1171 374 1206 atque
403 1168 582 1199 Heraclitus
611 1178 636 1199 c.
657 1169 795 1199 17—20.
839 1169 894 1199 sed
928 1179 966 1199 ne
998 1169 1146 1200 moralem
1176 1169 1299 1208 quidem
1335 1169 1554 1210 philosophiae

282 1224 402 1260 partem
437 1221 468 1252 in
502 1222 654 1252 communi
688 1222 741 1252 illo
774 1222 858 1252 fonte
891 1222 1145 1262 praetermissam
1176 1222 1272 1253 fuisse
1304 1222 1387 1252 haud
1421 1222 1484 1252 scio
1514 1231 1553 1252 an

281 1274 422 1304 concludi
454 1274 549 1305 liceat
581 1285 619 1305 ex
652 1284 698 1313 eo,
732 1274 814 1313 quod
846 1275 877 1305 in
908 1275 1068 1313 utriusque
1101 1275 1171 1305 libri
1200 1275 1259 1306 fine
1292 1275 1377 1312 (Her.
1403 1284 1427 1305 c.
1446 1276 1486 1305 79
1512 1289 1552 1300 Ξ

281 1326 362 1358 Plut.
387 1337 410 1358 c.
435 1329 508 1363 150)
545 1337 644 1366 aeque
681 1328 784 1367 agitur
820 1328 858 1358 (le
891 1327 950 1358 fine
983 1328 1134 1358 bonorum
1166 1332 1197 1358 et
1228 1328 1390 1367 malorum,
1427 1328 1459 1358 in
1491 1337 1551 1366 quo

281 1380 498 1411 constituendo
526 1380 681 1420 Epicurus
708 1390 851 1411 versuum
877 1380 1110 1411 Homericorum
1142 1392 1151 1410 ι
1178 1382 1243 1411 5ss.
1272 1390 1394 1411 sensum
1423 1390 1483 1411 non
1513 1380 1552 1410 sit

281 1436 454 1464 assecutus.
494 1443 530 1464 ac
556 1434 638 1472 quod
663 1433 944 1473 Peripateticorum
965 1433 1201 1472 Stoicorumque
1226 1437 1396 1473 praecepta
1420 1433 1552 1464 moralia

281 1485 366 1526 apud
394 1486 586 1517 Heraclitum
619 1485 849 1526 desiderantur,
884 1486 971 1524 satis,
1004 1486 1148 1526 arbitror,
1181 1486 1238 1517 hoc
1267 1486 1339 1517 inde
1369 1486 1551 1526 explicatur,

282 1538 364 1577 quod
387 1534 450 1569 non
476 1542 600 1579 poterat
624 1539 655 1570 in
680 1539 724 1570 eis
749 1539 893 1570 adhiberi
916 1539 996 1570 ratio
1022 1539 1203 1579 allegorica.

369 1591 432 1623 Scd
458 1592 552 1623 habet
576 1593 634 1623 hoc
660 1593 793 1623 fortasse
819 1592 939 1631 aliquid
957 1591 1159 1632 difficultatis,
1185 1592 1266 1631 quod
1283 1592 1455 1631 Platonem,
1481 1591 1552 1622 dum

281 1644 467 1676 Plutarchus
491 1644 616 1684 quidem
640 1655 721 1685 pers.
747 1646 777 1675 in
802 1655 992 1676 summorum
1017 1655 1145 1676 numero
1171 1645 1428 1686 philosophorum
1451 1645 1552 1676 habet.

281 1698 460 1729 Heraclitus
484 1698 661 1729 maledictis
686 1698 899 1729 acerbissimis
924 1699 1096 1738 insequitur
1120 1698 1170 1739 (cf.
1196 1708 1220 1728 c.
1246 1700 1280 1737 43
1309 1699 1459 1737 76—78).
1506 1702 1551 1728 at-

282 1760 341 1790 que
366 1750 397 1781 in
422 1752 576 1782 communi
602 1751 727 1790 quidem
753 1761 859 1782 eorum
892 1752 976 1782 fonte
1007 1751 1074 1782 sine
1099 1751 1164 1782 ulla
1187 1750 1419 1791 vituperatione
1452 1760 1552 1789 neque.

282 1803 373 1834 aliter
398 1814 433 1834 ac
459 1804 582 1835 Stoicos
606 1804 770 1836 Platonem
799 1808 1075 1835 commemoratum
1108 1803 1205 1834 luisse
1236 1806 1321 1834 recte
1345 1803 1371 1833 J.
1396 1803 1552 1834 Mehlerus

282 1856 312 1886 in
338 1857 419 1887 Diss.
445 1868 474 1897 p.
493 1859 534 1888 39
559 1858 746 1889 observavit.
794 1857 881 1888 cuius
905 1857 950 1888 rei
975 1857 1051 1887 satis
1077 1856 1194 1887 clarum
1218 1855 1292 1886 mihi
1316 1855 1464 1886 indicium
1483 1866 1552 1887 esse

282 1909 413 1950 videtur,
439 1910 521 1950 quod
545 1921 584 1941 ne
610 1911 678 1951 ipse
703 1910 827 1950 quidem
852 1910 1029 1941 Heraclitus
1054 1910 1085 1940 in
1109 1910 1240 1940 Platone
1269 1909 1464 1939 aestimando
1493 1909 1551 1939 sibi

283 1966 414 2002 constat,
440 1963 494 1994 sed
520 1974 600 2002 quae
625 1974 648 1995 c.
670 1965 706 1995 17
719 1974 758 1994 ss.
785 1963 859 1994 dicit
885 1963 923 1994 de
940 1963 1081 1994 Platonis
1105 1962 1302 2003 philosophia
1326 1962 1367 1993 ad
1383 1962 1551 1992 Homerum

282 2016 457 2055 referenda,
482 2026 521 2047 ea
545 2017 637 2048 nimis
662 2020 811 2056 quantum
837 2016 954 2047 distant
978 2027 997 2047 a
1022 2016 1215 2056 gravissimis
1240 2015 1389 2046 conviciis
1419 2014 1553 2055 prolatis

283 2068 313 2099 in
338 2070 546 2109 peroratione.
594 2070 677 2109 quod
701 2070 727 2100 si
752 2070 795 2100 ita
821 2074 876 2109 est,
901 2073 954 2100 aut
970 2069 1124 2100 Heracliti
1141 2069 1300 2110 proprium
1318 2068 1487 2108 putandum
1506 2072 1552 2098 est

282 2121 340 2152 hoc
365 2121 499 2152 studium
524 2122 741 2159 maledicendi,
767 2126 820 2153 aut
844 2132 903 2162 quo
929 2123 1029 2162 magis
1047 2122 1191 2162 equidem
1208 2121 1333 2159 inclino,
1359 2121 1440 2151 alius
1458 2121 1552 2151 etiam

283 2175 467 2206 statuendus
492 2179 609 2213 auctor,
635 2175 687 2215 qui
713 2178 821 2206 contra
845 2175 1008 2206 Platonem
1033 2175 1092 2205 sibi
1124 2174 1353 2205 defendendum
1385 2173 1554 2214 sumpserit

283 2228 460 2258 Homerum.
508 2232 578 2259 sunt
603 2228 684 2259 enim
710 2228 753 2259 ita
777 2230 868 2259 acute
895 2228 999 2267 itaque
1024 2228 1137 2259 acerbe
1167 2227 1251 2258 dicta
1282 2227 1342 2258 ista
1374 2226 1487 2267 capitis
1512 2227 1551 2257 77
