1697 2530
750 150 790 181 87

131 255 267 297 primum
290 255 416 296 quidem
447 264 666 296 comparemus
691 255 934 288 Eustathianum
958 256 1060 289 locum
1085 267 1114 298 p.
1134 257 1229 298 1130,
1247 257 1289 288 35
1303 266 1343 289 ss.
1370 257 1411 288 ad

131 309 214 341 Σ39
227 318 277 348 ss„
301 308 353 348 qui
375 309 465 340 initio
490 309 597 340 statim
621 312 652 341 te
678 319 785 340 eorum
810 310 1002 350 admonebit,
1027 320 1108 350 quae
1132 310 1225 342 modo
1249 310 1355 351 legisti
1379 311 1412 342 in

130 362 318 402 quaestione
339 362 574 404 PorphyrIana:
599 360 666 394 ἀπὸ
689 365 751 394 τιῦν
775 362 1016 405 συμβεβηκότων
1038 363 1114 405 περὶ
1136 363 1173 395 τὸ
1198 365 1296 403 σῶμα,
1321 362 1367 401 αἷς
1389 361 1411 406 ἦ

130 414 318 453 λευκώλενος
334 413 412 457 (Ὴρη
444 415 497 446 καὶ
530 414 731 457 ἀργυρόπεζα
758 415 849 453 Θέτις
881 415 932 446 καὶ
956 412 1177 458 ἀκερσεκόμης.
1225 417 1288 448 iam
1313 417 1407 449 velim

130 468 235 510 legas:

220 519 332 554 Ἰστέον
360 521 392 553 δὲ
421 517 464 559 ὡς
492 519 632 561 ὀνόματα
661 527 734 559 ταῖς
764 519 912 563 ἀνωτέρω
945 524 1231 564 μνημονευθείσαις
1257 523 1413 566 Νηρηΐσιν

135 574 257 617 Όμηρος
280 574 415 607 πλάττει
439 573 530 606 καθά
548 586 612 606 που
636 574 689 606 καὶ
711 575 854 612 Ἡσίοδος
870 575 1004 616 (Theog.
1023 577 1102 617 243)
1126 573 1201 608 άπὸ
1226 581 1296 608 τῶν
1319 588 1413 617 συμ-

129 627 342 671 βεβηκότων
364 626 386 670 ἠ
409 627 514 666 ἄλλως
537 626 801 669 ἕνθεωρουμένων
824 628 863 670 τῇ
887 639 921 659 τε
945 628 1096 670 θαλάσσῃ
1120 629 1173 660 καὶ
1197 630 1242 671 τῷ
1266 633 1414 672 στοιχείῳ

131 684 188 713 τοῦ
204 680 328 719 ὕδατος.
353 679 420 712 οἶον
443 680 564 723 Γλαύκη
584 684 642 721 μέν
668 693 716 718 τις
738 679 841 712 αὐτῶν
864 681 1008 713 καλεῖται
1032 681 1085 713 διά
1110 682 1146 714 τὸ
1170 684 1224 725 τῆς
1245 682 1415 726 θαλάσσης

129 734 216 766 ἔστιν
239 732 323 766 ὅπου
348 733 483 775 γλαυκόν
508 733 638 778 [γλαυκὴ
665 737 723 774 μέν
746 746 794 773 τις
818 730 908 773 οὖσα,
941 737 1139 776 βαρυνθεῖσα
1167 736 1200 767 δὲ
1232 736 1312 778 πρὸς
1340 737 1412 768 δια-

129 787 231 829 φορὰν
254 787 413 819 ἐπιθέτου
436 786 478 825 ιῦς
501 787 618 828 κύριον.
665 788 757 819 καθὰ
781 788 835 819 καὶ
858 784 876 830 ἡ
902 788 964 830 θόη
987 786 1056 828 μετ’
1080 786 1174 830 ὀλίγα
1198 787 1236 821 οὗ
1264 791 1413 822 τονοῦται

130 838 226 879 ὀξέως
249 838 331 872 ἀλλὰ
355 841 454 882 βαρὺν
482 839 572 872 τόνον
603 839 666 880 ἔχει
698 841 781 882 πρὸς
812 841 982 884 διαστολὴν
1012 845 1070 884 τῆς
1102 840 1297 881 ἔπιθετικιῦς
1326 844 1415 885 λεγο-

129 896 223 936 μένης
246 895 336 937 θοῆς,
361 893 382 937 ἡ
407 894 460 925 καὶ
484 892 562 937 αὕτη
586 894 676 936 παρὰ
702 894 738 926 τὸ
763 897 854 926 θέειν
869 894 1003 938 γίνεται]
1017 895 1052 937 ¹).
1101 895 1219 927 Θάλεια
1243 896 1276 928 ὁὲ
1300 896 1353 928 διά
1375 897 1413 929 τὸ

129 950 186 979 τοῦ
211 948 457 986 στοιχειακοῦ
482 946 598 985 ’ὕδατος
628 947 786 989 ζιμογόνον
817 947 850 979 ἔν
881 960 915 980 τε
946 947 1055 986 ἄλλοις
1087 949 1139 980 καὶ
1170 948 1202 981 ἕν
1224 955 1337 991 φυτοῖς
1368 950 1412 987 δέ,

129 998 178 1042 ἐφ’
202 995 246 1032 ὦν
268 1000 305 1033 τὸ
330 1000 466 1032 θάλλειν
489 1001 736 1042 κυριολεκτεῖται
762 999 826 1045 [ὅτι
850 1001 883 1033 δὲ
917 1002 969 1033 καὶ
1002 1004 1061 1042 μία
1092 1007 1155 1034 τῶν
1181 1006 1316 1034 Μουσῶν
1346 1001 1415 1035 ἔστι

132 1054 248 1085 θάλεια
272 1054 325 1085 καὶ
348 1053 399 1086 ὅτι
427 1054 537 1092 δαιτὸς
569 1053 725 1086 ἐπίθετόν
756 1054 823 1086 ἐστι
853 1058 947 1086 τοῦτο
977 1056 1144 1095 πολλαχοῦ
1176 1055 1323 1100 εἴρηται],
1357 1057 1412 1088 καὶ

129 1106 179 1138 ’ότι
208 1107 242 1138 δὲ
273 1105 346 1138 οὐδὲ
378 1107 415 1139 τὸ
450 1107 630 1139 θαλάττιον
662 1106 744 1150 ’ὕδωρ
775 1107 939 1151 ἐστέρηται
971 1108 1016 1147 εἰς
1048 1108 1084 1141 τὸ
1117 1114 1185 1141 πᾶν
1219 1113 1273 1141 τοῦ
1306 1116 1413 1142 ποιεῖν

128 1159 272 1199 θάλλειν,
297 1160 339 1198 ὡς
363 1160 490 1202 δηλοῦσι
515 1160 589 1200 δίχα
612 1163 735 1202 φυκίων
758 1162 810 1192 καὶ
834 1164 933 1202 μνίων
956 1163 1009 1193 καὶ
1033 1162 1063 1194 οἱ
1094 1163 1184 1204 παρὰ
1217 1166 1255 1205 τῇ
1286 1163 1413 1206 ἱστορίᾳ

128 1214 429 1256 βαλανηφαγοῦντες
452 1225 517 1244 που
541 1213 660 1250 θύννοι,
686 1213 780 1256 δῆλόν
804 1214 871 1246 ἐστι
895 1215 948 1245 καὶ
972 1213 1066 1247 αὐτό·
1089 1219 1285 1257 μαρτυροῦσι
1309 1216 1343 1248 δὲ
1367 1220 1412 1258 τῷ

128 1265 211 1308 λόγῳ
238 1267 291 1298 καὶ
314 1266 344 1298 οἱ
370 1265 499 1309 Θρᾴκιοι
522 1265 668 1309 Ῥηγῖνοι,
702 1269 778 1309 παρ’
812 1266 860 1305 οἷς
884 1264 902 1309 ἡ
936 1268 1017 1299 κατὰ
1050 1269 1135 1310 σφᾶς
1166 1268 1198 1300 ἑκ
1230 1270 1411 1301 θαλαττίου

127 1322 259 1360 στομίου
283 1320 375 1362 λίμνη
398 1323 436 1362 τῇ
459 1324 522 1351 τιῦν
546 1318 700 1360 άμπέλων
723 1323 840 1363 φυτεία
863 1321 1090 1361 συμβάλλεται,
1119 1322 1192 1360 τοὺς
1215 1327 1278 1354 τιῦν
1302 1325 1412 1365 φυτῶν

127 1372 269 1414 βόθρους
303 1376 359 1404 τοῦ
393 1371 461 1404 κατ)
497 1371 594 1416 αὐτὴν
625 1373 739 1411 ὕδατος
769 1373 978 1414 ἔμπιπλιῦσα,
1009 1374 1093 1406 ἔνθα
1120 1375 1412 1416 δυσμετακόμιστόν

128 1427 194 1458 ἐστι
217 1427 254 1459 τὸ
278 1426 383 1468 γλυκύ.
432 1427 485 1458 καὶ
509 1426 612 1464 ἄλλως
635 1427 669 1458 δὲ
693 1426 773 1470 αὕτη
810 1427 925 1460 Θάλεια
957 1428 1038 1460 κατὰ
1069 1429 1127 1471 τὴν
1160 1429 1256 1460 δαῖτα
1287 1429 1340 1461 διά
1374 1423 1411 1462 τό

128 1478 253 1512 ἐκεῖθεν
276 1480 396 1522 ζωηρὸν
419 1477 457 1511 οὗ
482 1480 578 1520 μόνον
601 1486 669 1518 τοῖς
692 1479 829 1519 ἐναλίοις
852 1479 934 1513 ἀλλὰ
958 1482 1011 1513 καὶ
1035 1487 1103 1520 τοῖς
1130 1481 1190 1522 ἔξω
1223 1481 1411 1524 ἐμπορικοῐς

128 1545 161 1564 τε
186 1534 240 1565 καὶ
263 1534 401 1571 λοιποῖς,
431 1528 474 1564 ὧν
497 1532 590 1575 χάριν
613 1534 667 1564 καὶ
685 1534 785 1565 Δωτώ
801 1535 922 1577 Νηρηῒς
938 1536 1137 1575 πέπλασται,
1163 1534 1205 1573 ὥς
1225 1535 1411 1578 ῥηθήσεται.

129 1585 296 1629 Κυμοδόκη
331 1586 365 1618 δὲ
396 1587 449 1618 καὶ
482 1586 646 1629 Κυμοθόη
678 1587 732 1618 διὰ
762 1587 801 1618 τά
834 1587 969 1628 κύματα.
1006 1588 1010 1630 Ι
1044 1587 1148 1620 ἰστέον
1171 1588 1239 1630 γάρ,
1272 1587 1323 1620 ότι
1346 1588 1410 1621 εἶσί

128 1652 198 1671 τινα
222 1644 285 1671 τῶν
307 1643 363 1671 τοῦ
386 1639 510 1681 ὓδατος,
536 1638 569 1679 ἐξ
592 1635 635 1672 ὧν
658 1639 793 1672 ἑκάστου
817 1639 959 1683 διάφορά
983 1653 1064 1679 τινες
1087 1645 1149 1673 τιῦν
1173 1642 1323 1683 (correxi2
1347 1645 1410 1673 τῶν

128 1694 222 1733 τινες)
247 1693 413 1736 Νηρηΐδων
441 1698 617 1725 κοινοῦνται
645 1692 796 1733 ὀνόματα,
831 1692 898 1725 οἷον
928 1695 965 1726 τὸ
983 1693 1086 1737 Ἴαιρα
1118 1696 1171 1726 καὶ
1194 1694 1325 1738 Ἰάνειρα
1355 1696 1411 1727 καὶ

128 1743 282 1783 Ἰάνασσα,
317 1746 396 1784 ἰ’σως
419 1746 453 1778 δὲ
477 1745 670 1784 ἀκολούθως
693 1753 761 1785 τοῖς
791 1747 862 1779 δυσὶ
890 1747 1016 1786 τούτοις
1048 1749 1101 1780 καὶ
1134 1749 1170 1781 τὸ
1197 1748 1410 1791 Καλλιάνειρα

129 1800 183 1831 καὶ
207 1799 442 1832 Καλλιάνασσα
466 1801 557 1842 παρὰ
580 1800 617 1832 τὸ
641 1799 763 1840 laium,
797 1800 867 1833 ἐπεὶ
890 1805 1034 1833 τοιοῦτον
1057 1800 1094 1834 τό
1119 1809 1326 1843 στοιχεῖον,
1359 1800 1410 1835 εὖ·

128 1851 284 1894 φρόσυνον
307 1853 427 1896 δηλαδή
452 1853 675 1896 πολυτρόπως.
723 1852 802 1886 ὅθεν
832 1856 887 1886 καί
917 1867 965 1892 τις
990 1856 1111 1898 Νηρηῒς
1134 1856 1253 1898 Μελίτη
1284 1856 1411 1897 λέγεται

128 1902 171 1943 ὡς
193 1906 327 1944 πολλοῖς
351 1905 439 1938 αἰτία
462 1907 657 1947 γλυκασμοῦ.
705 1906 787 1939 οὕτω
811 1908 864 1939 καὶ
887 1908 940 1939 διά
966 1909 1039 1946 τούς
1059 1909 1297 1947 θαλαττίους
1313 1908 1409 1952 ἤχους

128 1957 147 2001 ἡ
176 1962 233 1999 μέν
278 1972 326 1998 τις
350 1960 508 2003 Κλυμένη,
534 1958 577 1998 ιῦς
601 1959 668 1992 οἷον
693 1961 798 2003 Κλυτὴ
821 1962 874 1992 καὶ
898 1960 1095 2000 ἐξάκουστος,
1122 1960 1139 2005 ἡ
1162 1962 1196 1994 δὲ
1218 1960 1329 2005 Ἀγαυὴ
1353 1962 1407 1993 διά

130 2011 167 2043 τὸ
192 2011 274 2053 ἄγαν
297 2011 444 2057 αὔειν.12)
492 2014 593 2045 Δωτώ
616 2014 650 2046 δὲ
672 2015 726 2046 καὶ
748 2015 852 2057 Δωρὶς
876 2014 929 2046 διὰ
952 2015 1011 2053 τὰς
1034 2014 1068 2047 ἐκ
1084 2014 1253 2058 θαλάσσης
1276 2013 1412 2057 ἀγαθάς

221 2092 241 2125 ²)
261 2091 300 2118 Of.
321 2092 401 2121 schol.
416 2093 485 2120 Ven.
506 2095 529 2118 A
550 2094 584 2121 ad
604 2095 627 2118 Σ
646 2095 687 2121 39.

220 2135 242 2170 ²)
266 2135 354 2163 Verba.
381 2145 449 2170 quae
477 2138 584 2165 lineolis
612 2138 701 2172 saepsi
729 2138 793 2165 olim
821 2139 909 2165 locum
937 2139 1091 2166 habuemnt
1109 2139 1138 2166 in
1157 2139 1307 2173 fragmenti
1330 2135 1412 2173 barte

130 2179 280 2212 posteriore
300 2188 323 2214 p.
340 2182 416 2213 11:31,
438 2183 497 2208 les.
