1697 2530
884 185 903 214 6

257 288 343 319 aliud
377 287 597 329 persuadendi,
633 288 717 319 aliud
751 288 902 320 docendv‘
939 308 981 312 -—
1011 290 1137 321 dubium
1170 293 1274 321 tamen
1310 300 1379 321 esse
1412 291 1529 330 nequit,

257 342 331 381 quin
363 342 402 372 ab
434 341 481 372 his
506 344 589 372 certe
622 341 779 382 excerptis
811 352 939 382 prorsus
971 343 1011 374 sit
1035 343 1140 374 aliena
1164 346 1193 374 et
1218 343 1412 374 extrinsecus
1437 344 1468 374 in
1493 353 1531 374 ea

257 395 353 425 illata.
395 394 483 425 cuius
515 394 560 425 rei
594 394 799 425 certissimum
832 395 978 426 indicium
1012 399 1060 426 est
1090 395 1121 426 in
1145 398 1235 436 parte
1260 396 1362 435 tertia,
1394 397 1531 436 quaein

257 447 369 487 fronte,
395 448 475 478 sicut
500 447 571 486 dixi,
597 448 678 487 gerit
702 448 794 487 quasi
814 448 935 479 titulum
955 447 1048 488 λόγος
1070 447 1232 485 πολιτικός
1251 449 1432 489 praefixum.
1472 450 1531 481 hac

258 501 287 531 in
318 504 408 541 parte
438 500 571 541 primum
603 501 726 540 quidem
754 501 798 532 sic
823 501 965 542 procedit
989 501 1170 542 disputatio,
1201 506 1234 532 ut
1257 502 1442 543 principium
1468 502 1530 533 dis-

258 553 383 584 serendi
400 554 455 584 fiat
472 554 511 584 ab
529 553 629 594 ipsius
646 553 723 584 artis
740 553 918 585 definitione
938 564 963 585 c.
984 555 1056 592 161,
1073 558 1135 584 tum
1154 555 1331 585 summatim
1350 559 1530 595 exponatur,

259 609 377 646 quanta
402 616 471 637 cum
496 606 526 637 in
551 606 698 637 universa
723 607 892 637 carminum
917 607 1152 638 Homericorum
1177 608 1360 638 oeconomia
1389 608 1428 648 (c.
1457 609 1530 643 162)

257 663 320 690 tum
353 660 382 690 in
415 659 576 699 utriusque
608 660 713 700 operis
744 659 905 700 prooemio
936 662 973 698 (c.
1000 660 1076 701 163)
1108 670 1159 691 ars
1190 660 1348 691 rhetorica
1378 664 1531 692 cernatur.

258 713 319 743 iam
353 712 391 743 de
423 713 602 743 narratione
635 716 735 743 actum
768 713 806 742 iri
839 716 1073 753 exspectamus3
1105 712 1161 744 sed
1190 712 1228 743 de
1254 712 1312 744 hac
1340 723 1378 744 ne
1403 714 1530 744 verbum

259 765 391 805 quidem.
432 765 518 796 cuins
542 765 588 796 rei
613 775 689 796 sane
714 765 811 796 mira(¹
837 766 1045 806 explicandae
1071 765 1214 805 equidem
1240 775 1300 796 non
1324 766 1418 796 aliam
1439 765 1531 796 video

258 819 421 857 rationem,
447 819 507 849 nisi
531 821 564 849 ut
588 828 746 849 sumamus
771 819 856 849 illam
878 819 977 859 ipsam
999 821 1130 859 partem⁷
1156 828 1236 858 quae
1261 818 1353 858 λόγος
1377 817 1533 859 ἱστορικός

258 872 446 909 inscribitur,
477 881 588 902 revera
616 872 693 902 nihil
722 871 806 902 aliud
832 872 993 902 continere
1017 875 1143 912 praeter
1167 872 1267 912 ipsam
1293 882 1384 911 quam
1410 871 1532 902 deside-

259 934 362 955 ramus
395 925 618 956 narrationem.
667 925 776 955 mirum
809 925 889 955 enim
922 928 977 964 est,
1010 925 1092 964 quod
1122 928 1188 955 tota
1215 924 1271 954 illa
1294 929 1383 965 parte
1408 934 1470 954 non
1495 924 1533 955 de

259 987 376 1017 genere
408 978 513 1017 aliquo
547 977 670 1008 dicendi
695 988 746 1008 res
771 981 828 1016 est‚
861 977 945 1017 quod
970 978 1087 1018 opponi
1111 987 1205 1018 posse
1230 976 1342 1008 ceteris
1367 977 1534 1016 generibus

259 1041 278 1061 a
311 1030 461 1062 Cicerone
493 1031 744 1062 commemoratis
777 1031 929 1061 videatur.
970 1031 1063 1061 immo
1098 1030 1174 1061 nihil
1210 1030 1334 1061 omnino
1366 1029 1532 1070 reperitur,

259 1083 342 1123 quod
374 1094 436 1115 non
470 1094 580 1123 aeque,
616 1084 709 1114 immo
742 1094 815 1114 vero
847 1083 943 1114 multo
975 1083 1069 1114 etiam
1098 1084 1201 1124 aptius
1230 1083 1330 1124 possit
1359 1083 1388 1113 in
1418 1083 1534 1113 forensi

259 1137 402 1168 oratione
432 1137 534 1168 locum
564 1137 690 1168 habere.
737 1137 832 1175 quid?
876 1147 958 1176 quae
988 1147 1013 1167 c.
1042 1138 1082 1168 83
1112 1137 1256 1176 leguntur
1284 1136 1380 1167 verba
1409 1134 1444 1165 n)
1473 1135 1533 1175 γάρ

259 1189 356 1228 ’τάχος
391 1193 452 1220 τῶν
485 1189 586 1230 λόγων
616 1189 824 1231 εὐτονώτερον
859 1192 1028 1230 καθίστησι
1066 1189 1115 1219 καὶ
1153 1189 1206 1220 τὸν
1237 1189 1366 1229 λέγοντα
1398 1188 1449 1218 καὶ
1481 1188 1534 1217 ’τὸν

260 1242 453 1284 ἀκροώμενον
469 1243 521 1273 καὶ.
537 1242 653 1284 ῥᾳδίως
676 1242 858 1282 τυγχάνει
881 1245 947 1273 τοῦ
968 1244 1216 1283 προκειμένοι·
1235 1242 1365 1273 haecine
1385 1241 1425 1272 ad
1441 1240 1535 1280 λόγον

261 1295 416 1337 ἱστορικόν
440 1296 497 1327 tibi
522 1296 668 1327 videntur
692 1296 870 1337 pertinere?
910 1295 984 1336 quid
1009 1296 1091 1335 quod
1113 1296 1159 1326 1115
1176 1295 1312 1335 gemella
1328 1295 1421 1335 plane
1438 1295 1535 1325 verba

262 1353 332 1380 sunt
356 1350 386 1380 in
412 1349 504 1380 tertia
528 1352 618 1390 parte
644 1359 669 1380 c.
690 1350 760 1380 172.
799 1349 853 1379 Ίὸν
877 1348 906 1379 ὸὲ
933 1349 1089 1379 Μενέλαον
1113 1347 1309 1389 βραχυλόγον
1332 1347 1383 1377 καὶ
1408 1346 1535 1387 εὔχαριν

261 1403 310 1432 καὶ
342 1407 405 1432 Ἰοῖ·
434 1404 684 1442 προκειμένου
713 1414 724 1431 ἰ
739 1401 966 1441 1·γχ(ἰ1’(1ι”1ἀῖ)
1006 1401 1054 1432 Vel
1080 1401 1224 1442 lippienti
1251 1401 1344 1441 igitur
1368 1400 1534 1441 apparebit

261 1455 496 1495 coniungendas
529 1465 598 1486 esse
630 1455 761 1495 primam
792 1460 911 1495 partem
942 1458 972 1486 et
1001 1455 1125 1485 tertiam
1158 1457 1191 1485 ut
1214 1464 1252 1485 ex
1277 1464 1337 1484 uno
1362 1453 1534 1492 eodemque

262 1518 356 1549 opere
382 1511 546 1549 excerptas
560 1508 591 1547 1)7
616 1508 704 1538 cuius
727 1508 831 1548 operis
850 1511 882 1539 ut
899 1508 974 1539 ordo
991 1508 1144 1547 genuinus
1162 1507 1342 1546 refingatur,
1367 1506 1535 1537 inserenda

261 1562 320 1592 erit
351 1562 452 1602 prima
483 1571 557 1601 pars
589 1564 660 1601 post
692 1571 759 1601 cap.
788 1562 858 1592 163.
903 1561 959 1592 sed
987 1561 1014 1591 si
1041 1560 1137 1591 nihilo
1164 1560 1264 1590 111111115
1288 1560 1345 1590 tibi
1369 1559 1534 1599 scrupulus

261 1615 420 1653 restiterit,
434 1614 579 1645 conferas
594 1614 687 1644 velim
702 1613 886 1650 Quintiliani
904 1614 922 1644 1.
935 1614 968 1643 X
985 1615 1011 1653 1,
1027 1615 1081 1644 48:
1102 1614 1188 1653 „Age
1201 1623 1284 1651 vero,
1298 1623 1359 1643 non
1374 1612 1534 1650 utriusque

263 1668 367 1708 operis
398 1667 519 1705 (Iliadis
545 1671 575 1697 et
600 1666 777 1707 Odysseae)
807 1667 967 1706 ingressus
992 1667 1022 1697 in
1046 1666 1245 1706 paucissimis
1269 1665 1410 1697 versibus
1434 1665 1534 1704 legem

262 1720 491 1761 prooemiorum
532 1730 592 1751 non
634 1719 703 1751 dico
744 1721 881 1750 servavit
920 1720 975 1750 sed
1014 1719 1194 1751 constituit?
1243 1728 1313 1749 nam
1348 1717 1533 1749 benevolum

265 1772 440 1804 auditorem
465 1773 663 1804 invocatione
689 1772 826 1810 dearum,
853 1782 930 1812 quas
955 1772 1135 1813 praesidere
1160 1772 1284 1802 vatibus
1309 1771 1458 1802 creditum
1479 1773 1534 1801 est.

264 1830 294 1857 et
318 1827 468 1857 intentum
493 1826 657 1867 proposita
681 1836 784 1857 rerum
809 1826 1023 1865 magnitudine
1048 1829 1078 1856 et
1103 1824 1235 1856 docilem
1253 1834 1373 1855 summa
1390 1823 1534 1854 celeriter

264 1879 492 1920 comprehensa
516 1879 592 1910 facit
617 1880 670 1919 (z
689 1879 748 1909 Vit.
772 1879 860 1909 Hom.
886 1888 910 1909 c⁴
930 1879 1013 1918 163).
1052 1887 1181 1908 narrare
1206 1887 1279 1908 vero
1305 1876 1373 1916 quis
1399 1876 1533 1913 brevius,

264 1941 355 1971 qnam
381 1932 433 1971 qui
460 1935 590 1963 mortem
616 1932 740 1962 nuntiat
764 1931 901 1962 Patrocli
927 1933 979 1969 (z
1005 1931 1065 1961 vit.
1091 1930 1179 1961 Hom.
1205 1940 1230 1961 c.
1256 1931 1319 1969 83),
1345 1929 1415 1969 quis
1440 1929 1534 1969 signi-

263 1985 406 2015 ficantius
431 1987 544 2025 potest,
576 1994 668 2023 quam
695 1984 745 2023 qui
771 1984 915 2015 Curetum
940 1984 1183 2022 Aetolorumque
1208 1982 1361 2023 proelium
1387 1981 1535 2022 exponit?

357 2074 373 2104 ¹]
394 2073 561 2105 Quamquam
582 2072 672 2104 capita
693 2073 796 2097 'loj-‘Q
817 2071 944 2097 videntur
968 2071 1057 2103 potius
1081 2078 1113 2096 ex
1137 2069 1292 2103 compendio
1313 2069 1380 2095 artis
1400 2070 1535 2094 oratoriae

266 2117 364 2142 hausta
386 2125 441 2142 esse
463 2116 544 2147 (sicut
564 2125 584 2142 c.
602 2117 632 2141 15
653 2123 679 2141 et
705 2118 774 2141 loss.
796 2116 827 2141 cf.
848 2124 870 2143 c.
895 2116 923 2141 15]
944 2117 985 2138 καὶ
998 2115 1051 2138 ἔστι
1064 2114 1096 2139 τὰ
1111 2114 1164 2145 εἴδη
1178 2114 1282 2138 τρίτων
1296 2114 1323 2137 ἐν
1337 2114 1367 2144 η’,
1381 2112 1534 2146 ”selsel-0714

265 2160 512 2195 (lt'saeyE)'()11p1Jlil'u);
538 2160 617 2186 nimis
641 2160 710 2185 euim
738 2162 868 2191 quantum
893 2167 983 2185 eorum
1008 2158 1115 2184 siccitas
1140 2167 1156 2184 a
1179 2162 1329 2184 ceterorum
1349 2161 1535 2190 excerptorum

265 2205 403 2238 elegantia
424 2208 451 2230 ct
471 2204 592 2230 acumine
611 2208 715 2230 remota
734 2207 783 2229 est.
