1697 2530
874 193 912 222 15

353 296 436 326 511115
473 297 558 326 clare
594 306 748 336 apparere
780 297 914 327 arbitror
945 307 1013 328 611111
1046 297 1363 338 Pseudoplutarcheis
1394 298 1534 328 frustulis

264 349 434 380 Stobaeum
459 349 603 388 Aetiana,
628 352 788 388 tamquam
813 360 906 380 unam
923 360 960 381 ac
978 351 1155 381 continuam
1173 351 1312 391 eclogam
1331 350 1532 390 describeret,

264 402 508 441 conglutinasse.
550 412 587 432 ex
604 401 695 432 Actio
713 402 837 432 sustulit
853 412 961 433 versus
977 403 1207 443 Empedocleos
1224 414 1293 435 cum
1310 404 1533 435 vocabulorum

263 453 339 491 Ζεύς
363 460 394 486 61
411 455 529 495 Νῆστις
546 455 843 495 interpretamentis,
875 456 974 486 altero
1000 465 1039 486 ex
1062 456 1148 487 fonte
1172 456 1220 487 his
1244 457 1420 494 immiscuit,
1453 466 1533 495 quae

264 508 301 538 de
320 508 391 538 Dite
409 511 499 548 patre
517 507 611 538 habet
628 508 668 538 ab
685 508 777 538 A'e‘tio
796 507 1019 549 discrepantia,
1042 508 1178 539 indidem
1196 509 1389 550 deprompsit
1405 510 1534 549 reliqua.

263 561 319 591 sed
344 561 413 591 dum
440 560 622 591 consociare
647 560 752 591 studet
774 564 804 591 et
821 561 1010 601 coniungere
1028 561 1211 602 pugnantia,
1237 561 1268 592 id
1284 564 1402 592 tantum
1420 562 1533 602 effecit,

264 616 296 644 ut
324 623 475 644 conexum
501 613 725 644 sententiarum
750 616 857 654 aptum
884 619 914 644 et
939 614 1133 653 concinnum,
1159 615 1282 653 qualem
1307 616 1439 655 praebet
1462 615 1535 645 Vita

263 667 399 698 Homeri.
416 666 550 706 pessime
568 666 767 706 dirumperet.
795 667 883 698 vides
899 667 1002 707 igitur,
1021 677 1113 706 quam
1132 677 1296 707 perperam
1313 667 1370 698 tali
1385 668 1535 707 fan-agini

264 719 425 750 Plutarchi
459 729 572 750 nomen
608 720 791 760 imposuerit
824 720 1086 751 Wachsmuthius.
1136 720 1228 751 immo
1264 730 1347 760 vero,
1385 720 1468 760 quod
1503 720 1535 751 in

264 773 399 803 Δ1611111111
432 772 525 810 cadit,
559 783 687 811 (1110111111
721 777 831 803 auctor
863 783 882 803 a
909 772 1047 804 Stobaeo
1078 783 1234 812 nusquam
1266 777 1535 812 commemoratur,

264 825 347 856 idem
373 825 485 856 cadere
511 835 639 856 neeesse
664 829 711 856 est
736 826 766 856 in
791 836 830 856 ea
855 836 988 865 quoque,
1013 826 1125 865 quibus
1149 827 1242 866 plane
1265 836 1303 857 ex
1320 836 1420 865 aequo
1438 826 1536 856 utitur

264 880 420 910 Stobaeus
449 883 544 918 atque
568 879 721 909 Aetianis.
767 889 847 918 quae
877 879 957 910 ratio
983 890 1020 910 eo
1045 889 1167 918 quoque
1192 880 1420 920 comprobatur,
1453 879 1536 918 qnod

264 931 403 963 eiusdem
436 932 561 971 generis
592 931 755 962 frustulum
788 942 848 962 non
882 932 963 963 inter
992 942 1105 972 prosae
1131 932 1283 963 orationis
1309 932 1455 963 flosculos
1479 931 1535 962 sed

264 986 344 1016 inter
369 988 533 1025 poetarum
558 985 671 1024 legitur
695 985 752 1025 Ip.
774 986 834 1015 120
847 985 893 1015 W.
919 985 1043 1015 tertium
1067 985 1201 1024 denique
1222 985 1429 1024 fragmentum
1450 988 1536 1015 ante-

264 1038 388 1069 cedenti
416 1038 544 1077 eclogae
573 1037 724 1068 adhaeret
752 1038 856 1069 verbis
884 1038 983 1069 hisce:
1016 1035 1167 1074 ὡσαύτως
1191 1037 1224 1068 ὸὲ
1248 1038 1299 1068 καὶ
1318 1036 1448 1079 Ὅμηρος
1472 1037 1535 1068 κτλ,

264 1091 564 1132 <117›.292,24W);
599 1091 681 1130 quod
712 1091 737 1121 si
771 1091 896 1131 proprio
929 1095 1037 1122 notare
1069 1091 1158 1122 titulo
1189 1091 1345 1122 Stobaens
1376 1091 1535 1127 voluisset,

264 1155 325 1175 non
359 1154 427 1175 cum
460 1144 718 1175 antecedentibus
751 1148 813 1175 tam
843 1147 908 1175 arte
934 1145 1156 1175 coniunxisset.
1197 1154 1278 1183 quae
1303 1154 1369 1175 cum
1395 1144 1439 1174 ita
1464 1143 1535 1181 sint,

266 1198 472 1237 fragmentum
498 1197 573 1227 illud
592 1197 814 1237 Stobaeanum,
841 1197 924 1236 1111011
942 1197 1100 1228 Plutarchi
1117 1197 1242 1228 nomine
1259 1197 1446 1235 inscribitur,
1475 1206 1535 1226 non

265 1260 357 1291 posse
390 1260 405 1280 6
434 1250 593 1280 Plutarchi
624 1251 785 1290 personati
816 1251 902 1281 fonte
933 1251 1105 1281 derivatum
1138 1261 1206 1281 esse
1232 1253 1326 1290 patet.
1365 1251 1470 1288 itaque
1496 1250 1535 1279 ad

264 1304 465 1333 Plutarchum
482 1303 733 1333 Chaeronensem
751 1303 877 1342 quidem
895 1304 980 1334 illam
998 1304 1139 1343 eclogam
1156 1304 1272 1334 referre
1290 1303 1392 1333 nullus
1411 1303 1533 1341 11111111ος

265 1356 320 1386 sed
337 1366 409 1386 num
429 1366 466 1386 ex
483 1354 657 1397 Ὁμηρικαῖς
672 1356 819 1395 μελέταις
836 1356 978 1387 derivata
994 1357 1043 1394 sit,
1069 1355 1152 1396 quod
1169 1366 1244 1386 sane
1261 1356 1326 1387 vult
1342 1355 1535 1386 Schraderus

265 1409 295 1447 (l.
312 1409 329 1439 l.
347 1419 376 1449 p.
395 1410 458 1449 21),
478 1409 715 1439 incertissimum
733 1409 808 1440 mihi
825 1409 960 1448 videtur,
978 1409 1094 1440 nullum
1113 1409 1193 1440 enim
1212 1413 1339 1449 praesto
1357 1419 1426 1439 esse
1443 1408 1534 1439 video

265 1462 484 1501 testimonium,
503 1472 563 1501 quo
582 1462 675 1492 ullum
693 1471 731 1492 ex
748 1463 801 1492 illo
820 1472 914 1502 opere
931 1462 1031 1492 locum
1049 1462 1080 1492 in
1094 1461 1223 1492 Stobaci
1240 1462 1367 1501 eclogas
1384 1461 1535 1492 transisse

264 1515 386 1555 possim'
407 1517 622 1555 comprobare.

353 1568 439 1599 Haec
457 1571 528 1598 sunt
545 1568 619 1606 fere,
638 1578 718 1607 quae
735 1568 773 1598 de
792 1568 882 1598 Vitae
899 1567 1026 1598 Homeri
1043 1567 1147 1598 indole
1165 1567 1390 1607 compositione
1407 1569 1534 1597 auctore

264 1620 498 1661 praemonenda
523 1620 603 1659 duxi,
629 1630 667 1651 ne
684 1620 843 1651 Plutarchi
861 1620 1089 1651 Chaeronensis
1107 1629 1189 1651 vana
1206 1619 1311 1660 specie
1327 1619 1535 1658 inquietemnr

265 1673 296 1704 in
321 1674 505 1712 quaestione
529 1673 714 1714 perdifficili,
739 1684 831 1712 quam
853 1683 933 1704 nunc
955 1683 1059 1704 sumus
1081 1673 1261 1713 aggressuri
1282 1673 1320 1703 ad
1340 1682 1533 1703 communem

265 1736 321 1757 nos
346 1730 504 1757 vertentes
528 1726 680 1757 Heracliti
704 1730 735 1757 et
759 1727 918 1757 Plutarchi
942 1726 1103 1767 personati
1127 1727 1252 1756 fontem.

353 1780 456 1818 Atque
480 1780 511 1810 in
537 1780 714 1810 universnm
740 1779 863 1818 quidem
888 1789 907 1810 a
929 1780 1067 1810 Dielesio
1093 1782 1123 1810 et
1143 1778 1318 1810 Schradero
1344 1782 1373 1808 et
1394 1777 1534 1809 Mehlero

265 1832 333 1870 (1.1.
352 1843 381 1872 p.
400 1833 500 1873 3655.)
532 1833 576 1863 ita
608 1832 645 1863 de
677 1833 734 1863 hoc
767 1842 861 1873 opere
893 1832 1081 1872 disputatum
1107 1834 1164 1869 est,
1197 1835 1230 1862 ut
1254 1841 1315 1861 non
1340 1831 1436 1861 multa
1460 1830 1535 1861 addi

265 1896 358 1925 posse
390 1886 563 1918 videantur.
612 1896 674 1916 una
705 1889 809 1916 tamen
841 1886 993 1925 quaestio,
1025 1885 1080 1916 sed
1112 1895 1150 1916 ea
1181 1883 1376 1924 gravissima,
1409 1876 1535 1913 vixdum

266 1939 381 1969 affecta
408 1938 522 1969 nedum
551 1939 695 1969 absoluta
727 1942 786 1969 est:
818 1939 961 1969 nimirum
990 1948 1058 1969 cum
1082 1937 1266 1968 Plutarchus
1295 1946 1384 1977 11615,
1416 1939 1449 1966 111
1472 1936 1535 1966 Ho-

265 2001 384 2022 merum
432 1992 565 2022 omnium
606 1991 860 2032 philosophorum
898 2001 967 2022 esse
998 1990 1172 2031 principem
1205 1989 1405 2027 demonstret,
1442 1997 1535 2018 unam

267 2054 423 2083 quamque
448 2044 668 2084 philosophiae
693 2047 814 2084 partem
841 2044 989 2084 deinceps
1014 2046 1194 2084 pertractet,
1225 2045 1333 2073 contra
1357 2041 1535 2072 Heraclitus

265 2097 503 2137 rhapsodiarum
516 2097 655 2127 ordinem
667 2102 803 2136 secutus,
818 2097 1033 2136 quodcumque
1044 2096 1075 2127 in
1087 2106 1148 2126 una
1160 2105 1283 2135 quaque
1294 2095 1534 2135 vituperaretur,

266 2150 437 2189 allegorica
462 2150 582 2181 ratione
608 2150 668 2180 sibi
692 2150 903 2180 excusandum
928 2149 1135 2190 proposuerit,
1166 2148 1308 2187 quaestio
1333 2148 1472 2178 exoritur
1497 2146 1535 2177 de

266 2203 370 2234 indole
395 2206 426 2233 et
450 2203 559 2233 ordine
584 2202 740 2243 deperditi
764 2203 848 2233 illius
873 2202 987 2243 operis,
1013 2205 1154 2232 utrumne
1179 2201 1219 2232 ad
1236 2201 1436 2232 Plutarchum
1453 2209 1536 2240 pers,
