1697 2530
917 152 957 181 60

305 256 407 286 locum
434 255 531 286 fusius
556 256 759 296 explicarent,
784 256 840 287 hoe
859 257 909 287 vix
926 257 1042 297 poteris
1060 257 1152 288 aliter
1168 257 1322 298 accipere,
1346 258 1405 289 nisi
1422 262 1455 288 nt
1471 268 1577 288 sumas

306 318 408 348 panea
433 308 647 339 tantummodo
672 318 741 339 esse
768 318 784 339 e
808 309 925 340 fusiore
951 310 1085 349 quadam
1111 310 1322 350 disputatione
1348 311 1387 341 ab
1412 311 1575 341 Enstathio

306 360 453 392 delibata.
489 361 551 391 iam
585 371 657 392 vero
690 362 741 400 11111
776 362 824 392 vel
858 362 959 392 obiter
984 363 1162 402 fragmenta
1186 363 1303 393 Demus
1328 363 1576 404 perlustraverIt‚

306 424 366 444 non
392 414 507 454 poterit
531 424 592 444 non
618 414 733 452 mirari⁷
758 414 839 445 unde
864 415 979 445 factum
1002 416 1051 455 sit,
1077 418 1188 446 uttam
1207 420 1359 456 cognatus
1375 416 1423 447 hic
1442 416 1578 447 (tratetis

306 467 392 497 loeus
423 469 549 505 tamque
583 467 693 498 similis
726 467 869 498 videatur
903 467 974 507 illis,
1010 477 1089 507 qnae
1122 468 1159 499 (le
1189 468 1291 509 clipeo
1316 469 1446 500 Achillis
1470 474 1577 500 narrat

308 520 407 550 Demo
433 520 516 560 apud
542 520 626 550 Eust.
653 531 680 560 p.
702 522 794 559 1154,
810 522 897 551 42ss.
923 521 961 551 acl
988 524 1013 550 Σ
1035 522 1107 552 481.
1147 532 1208 560 qua
1232 522 1262 552 in
1288 522 1467 553 narratione
1491 526 1524 553 ut
1547 522 1578 552 in

308 573 486 603 universum
512 573 635 612 quidem
663 573 762 604 Demo
788 578 818 604 et
843 584 912 605 eum
937 574 1097 605 Heraclito
1123 585 1148 605 e.
1166 575 1293 605 43—-51
1321 578 1351 605 et
1383 585 1451 605 cum
1475 575 1578 606 Probo

308 636 389 666 pers.
414 626 444 656 in
470 626 562 665 Verg.
588 626 702 666 Georg.
729 627 742 656 1
767 628 830 657 233
856 637 884 667 p.
910 628 1003 658 3625.
1029 627 1140 667 Hagen
1164 627 1275 658 1111111111
1300 627 1330 658 in
1355 627 1483 658 modum
1508 637 1578 659 con-

308 679 398 719 gruit⁷
433 679 476 709 ita
508 679 538 709 111
573 689 609 710 eo
636 678 796 720 discrepat
822 680 904 719 quod
929 680 1065 719 quinque
1092 680 1233 720 cingulos
1258 680 1289 710 in
1314 680 1414 721 clipeo
1439 680 1579 711 caelatos

308 732 352 761 illi
374 742 443 763 eum
468 732 645 771 significare
670 732 776 762 mundi
801 742 896 763 zonas
914 733 1112 773 arbitrentnr7
1139 733 1209 774 ipsa
1226 734 1284 764 etsi
1301 743 1339 764 ne
1356 733 1436 765 hanc
1455 732 1578 772 quidem

308 785 599 825 interpretationem
625 795 753 825 prorsus
778 786 907 826 respuit,
933 786 1037 826 potius
1062 789 1167 816 tamen
1193 787 1271 817 caeli
1301 786 1433 817 circulos
1458 785 1580 816 intelle-

309 837 430 876 gendos
456 847 525 868 esse
551 842 671 868 censet:
704 838 760 874 ’τὰς
785 838 815 868 δὲ
842 842 934 868 πέντε
960 837 1086 876 πτύχας
1110 840 1164 868 τοῖ·
1187 838 1301 876 σάκους
1324 839 1396 876 τοὺς
1419 837 1582 880 παραλλή-

309 890 382 927 λους
415 889 546 927 κύκλους
580 895 648 926 roez}
681 890 726 927 εἰς
756 889 809 927 οὓς
833 890 1000 931 διαιρεῖται
1027 887 1043 921 ὁ
1068 890 1192 930 κόσμος,
1225 890 1320 933 ἤγουν
1343 891 1398 923 τὸν
1423 889 1579 931 α’ρκτικόν,

310 941 343 979 ὃς
367 945 412 984 τῷ
436 945 548 983 βορείῳ
571 942 662 983 πόλῳ
678 942 803 983 ἐγγίζει,
821 944 870 973 καὶ
888 944 942 974 τὸν
958 946 1002 984 τῷ
1018 943 1098 984 νότῳ
1114 945 1349 985 προσκυροῦντα
1365 942 1580 985 ἅνταρκτικόν,

309 996 360 1026 καὶ
389 996 460 1033 τούς
484 995 539 1026 δύο
567 996 748 1035 τροπικούς,
783 995 873 1038 ἤγουν
907 997 958 1027 τόν
990 997 1071 1037 πρὸς
1102 998 1145 1037 τῷ
1174 998 1272 1038 βορρᾴ
1295 997 1422 1037 θερινὸν
1452 996 1582 1028 καὶτὸν

310 1048 390 1088 πρὸς
412 1050 456 1089 τῷ
477 1048 554 1089 νίτψ
578 1048 750 1089 χεηιεριιῐόιν
774 1049 826 1079 καὶ
851 1052 997 1089 πέμπτον
1021 1050 1074 1080 τὸν
1097 1053 1193 1089 μέσον
1211 1048 1315 1080 αὐτῶν
1331 1049 1506 1092 ἰσημερινόν
1523 1073 1529 1080 .
1548 1073 1555 1080 .
1574 1073 1581 1080 .

309 1100 335 1131 έί
359 1101 401 1143 μή
427 1114 474 1139 τις
495 1102 547 1132 καὶ.
572 1102 636 1143 ’τήν
661 1102 958 1144 ὀιακεκαυμὲιηῃ
982 1102 1070 1144 ζώνῃ
1081 1115 1094 1132 ν
1121 1102 1232 1144 ιαύτην
1257 1101 1364 1133 ἐθέλει
1381 1108 1469 1133 νοεῖν.
1506 1112 1581 1141 ergo

310 1155 420 1185 eadem
452 1165 495 1186 re.
532 1166 594 1195 qua
626 1156 784 1196 discrepat
816 1156 855 1186 ab
888 1156 1048 1186 Heraclito
1083 1160 1112 1187 et
1146 1166 1165 1187 a
1197 1156 1309 1195 Probo,
1350 1167 1419 1187 cum
1456 1155 1583 1186 Cratete

311 1207 412 1238 Demo
445 1208 595 1248 congruit.
625 1218 681 1239 nec
715 1218 788 1239 vero
814 1209 939 1239 dubium
972 1218 1041 1240 esse
1066 1212 1179 1249 potest,
1205 1209 1277 1248 quin
1302 1209 1379 1240 haec
1404 1209 1495 1247 ratio,
1521 1218 1583 1247 qna

311 1270 366 1300 pro
396 1261 522 1291 orbibus
551 1261 581 1291 111
612 1262 714 1302 clipeo
745 1262 875 1293 caelatis
905 1262 985 1293 caeli
1015 1262 1132 1301 circuli⁷
1161 1272 1222 1293 non
1252 1272 1348 1293 zonae
1373 1261 1582 1302 accipiuntur,

311 1313 406 1344 multo
432 1314 533 1354 magis
558 1314 588 1344 in
613 1315 869 1354 Agamemnonis
884 1325 975 1353 quam
1003 1315 1033 1345 in
1058 1315 1188 1346 Achillis
1220 1315 1313 1355 clipei
1339 1314 1581 1355 explicationem

311 1366 451 1405 quadret⁷
477 1377 545 1397 cum
570 1367 602 1397 in
627 1368 679 1398 illo
706 1368 830 1407 quidem
856 1366 994 1404 κύκλους,
1020 1368 1051 1398 in
1067 1367 1125 1399 hoc
1142 1366 1268 1406 πτύχας
1291 1377 1360 1398 esse
1385 1368 1452 1407 ipse
1477 1370 1585 1398 narret

311 1419 480 1459 Homerns;
506 1430 566 1459 quo
592 1420 724 1459 accedit,
750 1420 832 1460 quod
857 1420 952 1451 etiam
982 1421 1012 1451 in
1037 1430 1165 1451 numero
1191 1421 1315 1451 illorum
1340 1420 1460 1451 orbium
1485 1419 1583 1460 expli-

312 1473 413 1503 eando
438 1473 549 1504 melius
574 1474 742 1504 convenire
764 1474 844 1504 ratio
869 1474 899 1504 in
925 1474 1061 1504 Cratetis
1086 1474 1140 1504 illa
1165 1484 1257 1512 quam
1291 1474 1322 1504 iu
1347 1474 1466 1504 Demus
1491 1473 1585 1503 inter-

312 1526 488 1566 pretatione
521 1525 650 1557 videtur.
686 1526 827 1566 sequitur
862 1527 951 1557 unius
987 1527 1080 1567 clipei
1116 1526 1368 1566 explanationem
1404 1525 1582 1556 Crateteam

312 1589 476 1619 perperam
495 1579 535 1610 ad
560 1579 692 1610 alterum
718 1580 902 1610 translatam
929 1589 1008 1610 esse.
1045 1580 1126 1618 quod
1151 1579 1178 1610 si
1201 1579 1246 1610 ita
1271 1582 1327 1617 est⁷
1353 1589 1372 1609 a
1396 1579 1496 1609 Demo
1521 1578 1584 1609 iam

312 1641 442 1662 necesse
467 1635 514 1663 est
539 1632 674 1664 Cratetis
699 1633 784 1663 illam
810 1633 1103 1673 interpretationem
1129 1633 1315 1663 manavisse.

401 1685 487 1715 Idem
521 1685 585 1716 alia
615 1695 739 1725 quoque.
772 1696 870 1725 eaque
905 1686 1081 1717 certissima
1113 1686 1233 1716 ratione
1262 1685 1475 1716 demonstrare
1500 1684 1586 1715 licet.

313 1738 429 1768 nollem
454 1738 598 1777 equidem
626 1739 891 1770 Wachsmuthium
917 1739 948 1769 in
972 1738 1106 1769 Cratetis
1132 1739 1374 1777 fragmentorum
1400 1737 1586 1768 collectione

314 1790 466 1831 omisisse,
500 1801 580 1830 quae
614 1796 684 1832 post
713 1791 810 1822 verba
834 1801 928 1831 supra
953 1791 1057 1831 posita
1080 1791 1193 1822 alienis
1217 1791 1325 1831 paucis
1349 1789 1519 1821 interiectis
1545 1789 1585 1819 ab

313 1843 478 1874 Eustathio
503 1844 541 1875 de
567 1844 677 1875 eodem
702 1844 756 1874 illo
782 1848 870 1875 scuto
888 1844 1111 1884 adiunguntur:
1136 1847 1165 1873 A
1182 1845 1237 1875 38:
1263 1846 1316 1884 τῆς
1332 1840 1359 1872 δ’
1376 1841 1409 1880 ἐξ
1424 1840 1586 1883 ἀργύρεος,

314 1898 398 1937 φησί,
423 1896 565 1936 τελαμὼν
588 1891 632 1939 ἦν,
658 1894 758 1936 αὐτάρ
782 1894 834 1927 ἐπ)
856 1894 943 1937 αὐτῷ
960 1895 1088 1932 κυάνεος
1111 1894 1250 1927 {Mimo
1266 1894 1395 1937 δράκων,
1412 1899 1588 1935 προσφυῶς

314 1950 368 1979 καὶ
400 1947 497 1986 αὐτός
521 1974 528 1980 .
547 1974 553 1980 .
572 1974 578 1980 .
608 1950 660 1980 καὶ
692 1949 719 1980 οἱ
751 1949 807 1988 μὲν
838 1949 973 1980 παλαιοὶ
1002 1951 1128 1990 μίμημα
1162 1953 1217 1979 τοῦ
1252 1947 1370 1987 κόσμου
1402 1947 1455 1978 καὶ
1485 1947 1586 1978 ταῦτα

314 1999 395 2032 εἶναι’
425 2013 531 2043 φασιν,
564 2001 779 2041 αἰνιττομένου
811 2007 867 2033 τοῦ
899 2002 1042 2043 ποιητοῦ.
1090 2012 1152 2041 qua
1186 2001 1238 2032 isti
1274 2001 1395 2032 ratione
1431 2001 1479 2032 usi
1513 2000 1587 2038 Sint,

315 2065 473 2095 exponere
507 2056 689 2086 Eustathius
720 2056 913 2096 supersedet.
947 2065 1059 2095 nempe
1092 2065 1194 2095 pauca
1223 2057 1354 2091 tantum,
1388 2054 1467 2085 sicut
1491 2063 1587 2094 supra

316 2108 390 2148 dixi,
408 2108 522 2148 promit
539 2118 577 2139 ex
593 2109 740 2139 thesauro
758 2108 854 2139 multo
871 2108 1028 2149 uberiore3
1053 2107 1133 2138 unde
1151 2107 1245 2138 etiam
1263 2107 1388 2139 accidit.
1414 2111 1446 2137 ut
1471 2106 1587 2147 duplex

316 2162 346 2192 in
379 2161 488 2192 eodem
520 2164 705 2201 argumento
737 2164 906 2201 poneretur
936 2161 1060 2192 lemma.
1100 2160 1155 2191 sed
1187 2160 1310 2191 etiamsi
1335 2159 1511 2191 accuratior
1535 2169 1587 2190 ex-
