1697 2530
720 170 757 199 19

100 276 275 308 distributis
300 278 338 315 (0
358 276 417 306 1⁸7
431 279 499 316 ss),
525 276 701 316 intercepta
726 279 782 315 est,
807 285 900 315 quam
925 275 1022 306 habet
1046 274 1181 306 mediam
1199 274 1379 305 Heraclitus

99 329 162 361 illis
187 329 415 369 interpositam,
440 329 516 360 iuris
538 329 661 360 iurandi
680 329 850 369 explicatio
868 328 935 360 lovi
956 338 976 359 a
993 328 1112 360 Iunone
1130 327 1196 359 dati
1213 328 1252 369 (Ο
1265 328 1377 368 3693).

100 383 207 423 itaque
232 382 387 422 siquidem
412 385 497 413 recte
522 382 675 423 suspicati
699 392 806 413 sumus
831 382 1025 413 Heraclitum
1055 391 1082 413 c.
1100 382 1142 413 23
1168 384 1199 412 et
1223 390 1247 412 c.
1264 382 1306 412 40
1341 390 1379 412 ex

101 435 212 468 eadem
230 438 319 476 parte.
337 435 545 467 transtulisse.
571 435 711 475 sequitur
728 435 823 467 etiam
842 445 910 476 cap.
927 436 966 466 41
987 438 1017 466 et
1035 445 1103 476 cap.
1121 435 1162 466 23
1185 433 1377 466 cohaesisse.

102 490 183 521 unde
208 490 234 520 is
259 489 363 520 evadit
388 488 476 529 ordo,
502 499 563 529 quo
588 489 724 528 gemella
747 491 946 529 argumenta,
971 487 1217 529 Agamemnonis
1234 487 1379 519 nimirum

101 546 132 574 et
152 543 279 574 Iunonis
296 542 481 581 iuramenta,
507 552 588 573 nunc
614 542 737 573 divulsa
761 551 870 573 rursus
899 542 1137 581 coniungantur.
1185 541 1255 572 sola
1286 541 1381 580 igitur

101 596 296 627 recensionis
321 596 372 626 via
407 605 476 626 eum
501 595 642 626 ordinem
666 595 934 636 recuperavimus,
969 595 1021 634 qni
1054 594 1188 625 maxime
1214 594 1253 624 ad
1279 594 1379 634 ipsum

102 652 319 690 argumentum
345 652 392 680 cst
416 649 682 680 accommodatus.

192 707 283 744 Quod
308 707 333 737 si
358 706 403 737 ita
427 710 484 745 est,
518 706 591 746 quin
617 706 770 746 genuinus
794 706 896 746 magis
928 706 968 737 sit
992 705 1177 736 Plutarchus
1201 715 1293 745 pers,
1328 705 1381 735 im-

103 764 240 792 mutatus
276 764 306 792 et
342 760 538 791 adulteratus
569 760 758 799 Heraclitus,
794 770 857 791 non
894 759 955 790 iarn
992 762 1039 790 est
1075 758 1158 798 quod
1193 757 1380 789 dubitemus.

103 818 197 854 atque
225 824 263 845 eo
292 813 497 845 confidentius
526 823 691 854 possumus
719 813 778 844 hoc
805 813 971 849 affirmare,
1005 812 1089 852 quod
1121 812 1152 842 in
1183 811 1380 852 disponendo

103 877 199 909 opere
224 866 308 908 apud
332 867 533 898 Plutarchum
561 877 645 907 pers.
675 866 760 898 haud
784 866 952 898 mediocris
977 865 1121 897 adhibita
1145 868 1193 896 est
1218 865 1382 905 diligentia

104 924 134 953 et
150 921 317 952 subtilitas.
354 930 391 951 ac
407 923 473 951 tota
490 920 615 960 quidem
633 920 702 951 eius
719 920 900 961 disputatio,
921 929 1002 959 quae
1020 919 1145 959 quidem
1163 919 1201 950 de
1219 918 1382 950 elementis

104 978 161 1013 est,
188 984 227 1005 ca
250 974 372 1005 ratione
397 974 542 1005 instituta
567 976 624 1014 est,
648 977 682 1004 ut
706 983 725 1005 a
750 973 876 1004 disertis
901 973 993 1013 quasi
1017 976 1048 1004 et
1068 972 1171 1014 planis
1193 972 1382 1004 testimoniis

104 1027 144 1058 ad
161 1028 344 1059 obscuriora
360 1030 390 1058 et
407 1027 592 1058 abscondita
608 1037 669 1058 non
687 1027 755 1058 sine
772 1027 824 1058 via
841 1027 976 1067 quadam
993 1036 1030 1057 ac
1044 1026 1166 1057 ratione
1180 1025 1381 1066 procedatur.

102 1081 147 1112 ita
182 1081 315 1121 primum
355 1081 479 1119 quidem
518 1084 631 1122 aperta
670 1080 826 1120 quaedam
867 1084 897 1111 et
933 1079 1102 1121 perspicua
1138 1089 1154 1110 e
1191 1079 1382 1110 carminibus

103 1134 291 1165 documenta
315 1134 498 1173 afferuntur,
525 1133 638 1173 quibus
655 1136 741 1164 terra
757 1144 813 1165 aer
830 1134 939 1164 aether
956 1133 1091 1173 denique
1109 1142 1287 1173 supremum
1305 1131 1382 1162 illud

104 1187 185 1227 quod
209 1186 430 1227 Peripateticis
455 1186 605 1226 probetur
629 1196 741 1227 corpus
767 1186 985 1218 describantur
1009 1186 1048 1227 (c.
1068 1186 1225 1225 94—95);
1253 1188 1317 1216 tum
1342 1185 1382 1215 ad

103 1239 276 1280 allegorica
303 1249 337 1270 se
366 1239 459 1271 vertit
486 1239 623 1280 scriptor
650 1240 688 1281 (c.
706 1240 772 1279 96),
802 1243 896 1279 atque
924 1239 1057 1280 primum
1086 1238 1211 1277 quidem
1240 1238 1384 1279 Iuppiter

103 1296 134 1324 ct
158 1293 234 1324 Iuno
263 1292 336 1332 quid
364 1292 542 1333 significent
570 1292 676 1323 allatis
705 1292 900 1331 argumentis
931 1293 1036 1323 studet
1060 1291 1220 1333 expedire,
1252 1296 1317 1322 tum
1343 1291 1383 1322 ad

102 1346 307 1387 explicandas
332 1345 473 1385 singulas
498 1345 627 1376 Homeri
651 1345 776 1376 fabulas
802 1345 934 1376 accedit.
980 1344 1060 1376 hanc
1084 1344 1240 1376 rationem
1265 1345 1292 1375 si
1314 1354 1383 1375 cum

102 1399 262 1430 Heraclito
279 1399 489 1440 comparabis,
514 1408 576 1429 non
599 1398 723 1438 quidem
740 1398 872 1439 negabis
888 1398 993 1429 inesse
1011 1398 1081 1429 huic
1098 1407 1224 1437 quoque
1242 1397 1383 1428 eiusdem

102 1452 234 1483 rationis
259 1455 290 1483 et
313 1452 436 1483 consilii
460 1452 596 1492 vestigia
617 1452 773 1492 quaedam
786 1451 819 1492 1),
842 1452 898 1483 sed
920 1451 951 1482 in
968 1451 1147 1482 universum
1167 1454 1272 1482 tamen
1289 1451 1382 1482 facile

105 1504 260 1536 concedes
284 1505 487 1545 Heraclitum,
512 1508 546 1536 ut
569 1505 609 1536 ad
634 1505 875 1546 rbapsodiarum
901 1505 1041 1536 ordinem
1064 1515 1097 1536 se
1116 1515 1207 1544 quam
1227 1504 1383 1536 artissime

105 1557 327 1598 adstringeret,
353 1558 520 1589 coniuncta
545 1561 576 1589 et
601 1563 737 1598 cognata
761 1561 946 1598 argumenta
970 1558 1141 1591 divellisse.

195 1615 258 1646 Sed
279 1625 318 1646 ne
335 1615 415 1646 hanc
432 1616 586 1646 rationem
604 1615 686 1646 inter
703 1625 740 1646 ea
756 1618 875 1646 tantum
893 1615 1008 1656 capita,
1035 1616 1147 1654 quibus
1165 1616 1203 1647 de
1221 1615 1384 1647 elementis

106 1668 219 1708 agitur,
254 1668 449 1699 intercedere
482 1669 662 1709 existumcs,
695 1678 756 1699 non
790 1669 853 1700 alia
887 1672 934 1700 est
967 1679 1073 1700 eorum
1105 1669 1197 1709 ratio,
1232 1679 1312 1708 quae
1346 1669 1384 1699 de

105 1721 230 1753 animae
259 1721 344 1762 apud
373 1725 539 1761 utrumque
569 1722 771 1762 disputantur
796 1722 938 1763 partibus
964 1722 1098 1753 inventis
1124 1723 1163 1753 ab
1188 1722 1337 1760 Homem,
1366 1732 1385 1752 a

105 1775 237 1806 Platone
274 1775 375 1806 denuo
412 1776 588 1807 constitutis
624 1776 711 1816 (Her.
743 1785 767 1806 c.
798 1777 925 1806 17—20
956 1790 996 1801 z
1024 1776 1105 1806 Plut.
1133 1786 1158 1806 c.
1187 1777 1292 1806 129—
1319 1777 1383 1814 30).

104 1831 201 1868 atquc
226 1828 402 1859 Heraclitus
428 1829 552 1868 quidem
577 1831 747 1868 antequam
773 1828 814 1859 ad
839 1829 940 1860 locum
965 1830 992 1859 A
1013 1830 1121 1860 194ss.
1162 1828 1384 1869 explicandum

104 1891 138 1912 se
166 1882 327 1921 convertit,
357 1882 490 1923 primum
519 1886 550 1913 et
579 1882 617 1913 dc
646 1882 794 1913 rationali
823 1887 854 1914 et
881 1882 919 1913 de
945 1882 1121 1913 irrationali
1145 1885 1236 1923 parte
1260 1881 1385 1912 animae

105 1935 178 1974 quid
203 1935 356 1976 placuerit
379 1936 514 1976 Platoni,
541 1936 650 1967 ordine
671 1940 806 1974 enarrat,
831 1939 895 1966 tum
914 1946 988 1967 vero
1006 1936 1037 1966 in
1055 1935 1225 1967 afferendis
1242 1935 1385 1966 versibus

106 1987 279 2019 Homericis
308 1992 428 2019 mutato
458 1989 562 2020 subito
593 1989 702 2020 ordine
732 1990 771 2020 ab
802 1989 868 2020 irae
899 1989 973 2020 sede
1001 1992 1031 2019 et
1061 1988 1242 2029 cupiditatis
1267 1988 1386 2029 incipit,

105 2044 168 2071 tum
201 2041 324 2072 demum
353 2042 393 2073 ad
422 2042 554 2073 rationis
583 2052 617 2073 se
645 2046 675 2073 et
699 2042 911 2073 continentiae
937 2042 1043 2073 sedem
1068 2042 1161 2073 vertit
1190 2044 1228 2081 (e.
1250 2043 1299 2074 18.
1321 2042 1384 2081 19),

197 2156 221 2188 ¹)
241 2155 281 2181 Cf.
307 2163 332 2188 p.
351 2156 448 2188 22],12.
474 2157 519 2183 ubi
544 2157 648 2189 apertis
672 2156 840 2183 documentis
865 2156 958 2182 allatis
988 2156 1079 2190 pergit
1109 2157 1179 2182 hunc
1207 2156 1235 2181 in
1265 2156 1378 2181 modum:

108 2199 206 2230 ras-7771*
216 2199 243 2223 δὲ
254 2199 301 2230 τὴν
312 2199 394 2230 δόξαν
405 2199 584 2235 ἀλληγυρικῶς
593 2202 713 2233 βεβαιῶν
727 2200 759 2225 τὰ
775 2201 841 2225 κατὰ
859 2201 904 2232 τήν
918 2201 1035 2232 Ἀθηνᾶν
1050 2200 1113 2233 ἡμῖν
1127 2198 1316 2234 παραδέδωκεν
1329 2199 1384 2225 κτλ.

1188 2254 1223 2280 2*
