1697 2530
736 163 775 194 77

118 274 192 303 ante
216 270 321 302 omnia
345 269 435 301 huius
459 269 505 300 rei
523 268 687 300 scientiam
706 272 855 309 properet
872 267 1010 298 Homero
1027 266 1204 298 vindicare:
1230 265 1290 297 Vit.
1307 265 1398 297 Hom.

118 335 144 355 e.
162 324 217 356 94:
249 323 303 354 καὶ
334 322 392 364 τὴν
414 320 504 360 τάξιν
528 320 553 352 δ’
580 318 683 351 αὐτῶν
706 319 796 358 ὅπως
819 319 883 359 ἔχει
908 321 1108 359 κατέμαθεν·
1140 318 1191 350 ὅτι
1213 318 1270 358 μὲν
1292 318 1354 359 γὰρ
1378 315 1397 359 ἡ

118 378 156 418 γῆ
185 375 361 407 κατωτάτω
391 373 522 406 πάντων
545 372 622 411 ἐστί,
655 373 869 414 θεασώ,ιιεθα”
904 372 1126 414 σφαιροειδοῦς
1149 371 1208 413 γὰρ
1231 370 1320 409 ὄντος
1343 374 1399 402 τοῦ

117 428 235 469 κόσμου
266 429 332 461 κτλ.
379 431 410 460 et
439 432 472 459 ut
496 428 711 469 geographica
735 428 913 467 fragmenta
937 426 1053 464 omnia,
1087 435 1168 466 quae
1192 425 1318 465 quidem
1343 435 1400 466 per

118 482 321 515 Posidonium
335 484 512 523 propagata
525 484 604 520 sunt,
619 481 722 512 eidem
740 481 829 522 operi
842 480 987 511 videntur
999 482 1085 510 recte
1099 488 1170 510 esse
1184 482 1215 510 et
1227 489 1247 510 a
1260 479 1398 510 Maassio

119 539 182 567 eta
195 535 409 567 Mullenhoifio
422 535 585 573 attributa,
603 535 648 565 ita
665 534 761 565 etiam
779 532 1044 574 cosmograpliiea
1056 532 1234 571 fragmenta
1247 532 1399 573 pleraque

119 599 158 620 ex
182 599 243 620 uno
268 598 365 630 opere
389 587 518 619 fluxisse
542 588 608 619 veri
633 590 680 618 est
705 586 905 618 simillimum.

208 641 272 673 Sed
297 641 371 681 quid
392 641 545 672 faciemus
562 644 666 672 terrae
684 640 789 679 globo,
815 649 905 679 quem
924 638 1079 669 Strabone
1097 641 1187 675 teste,
1212 638 1286 678 quid
1303 638 1400 678 plana

120 699 224 727 terrae
241 694 361 733 tabula,
378 703 471 734 quam
490 694 667 733 designavit
685 692 797 724 Crates
814 696 893 724 teste
911 691 1123 732 Agathemero
1141 690 1270 731 (Geogr.
1284 691 1356 722 min.
1370 691 1401 722 Π

119 759 148 790 p.
166 749 245 787 471;
271 749 309 779 cf.
326 748 433 778 Maass
450 748 569 778 Aratea
586 757 615 787 p.
635 748 733 784 lim?
758 756 795 777 ae
821 746 957 786 sphaera
976 744 1103 784 quidem
1120 744 1176 775 illa
1193 744 1401 776 celeberrima

119 802 194 833 licet
219 804 467 833 commemorata
488 800 582 831 fuerit
599 800 629 830 in
648 809 744 840 opere
762 799 930 830 Homerico
957 798 1009 839 (cf.
1027 798 1149 830 Gemin.
1166 808 1194 838 p.
1214 798 1276 828 172
1294 796 1401 837 Man),

119 856 195 895 quin
219 854 260 885 ad
278 853 405 885 Homeri
431 853 652 894 explicandam
677 852 909 893 geographiam
933 851 1128 893 pertinuerit,
1152 851 1278 882 videtur
1294 854 1401 881 tamen

119 908 186 939 iure
204 917 299 949 posse
317 907 465 938 dubitari.
503 906 601 947 plana
617 916 691 937 vero
709 910 813 937 terrae
838 905 957 944 tabula,
984 915 1079 945 quam
1102 904 1272 936 inservisse
1298 904 1401 935 eidem

120 961 165 992 rei
199 961 346 1002 opinatur
370 960 611 998 Miillenhoffius‚
644 970 717 990 num
750 959 905 990 exstiterit
933 959 1061 989 omniuo
1086 958 1215 989 dubium
1239 961 1296 996 est,
1330 967 1401 988 cum

119 1015 208 1046 locus
231 1014 284 1045 ille
301 1013 505 1053 Agatheineri
530 1023 592 1044 non
617 1013 657 1043 sit
683 1012 846 1051 eiusmodi,
871 1015 904 1043 ut
928 1012 1110 1043 necessario
1135 1010 1337 1051 cogitandum
1362 1010 1403 1041 sit

120 1068 159 1098 de
183 1067 293 1098 tabula
317 1066 493 1106 designata,
518 1076 577 1097 non
605 1065 643 1097 de
676 1066 744 1097 sola
777 1066 937 1106 opinione,
976 1075 1069 1105 quam
1095 1065 1133 1096 de
1158 1064 1219 1095 situ
1243 1067 1346 1095 terrae
1372 1066 1403 1094 et

120 1121 220 1160 figura
251 1120 311 1151 sibi
341 1120 446 1151 animo
470 1119 581 1150 Crates
614 1119 839 1150 informaverit.
887 1118 943 1150 sed
975 1122 1042 1149 utut
1071 1118 1108 1149 de
1134 1118 1192 1149 hac
1219 1117 1342 1157 quidem
1367 1126 1402 1147 re

120 1174 280 1213 statueris,
316 1173 357 1204 ad
381 1173 558 1204 Philodemi
594 1176 679 1204 certe
704 1173 801 1203 verba
837 1182 876 1202 ne
912 1175 966 1202 aut
989 1171 1130 1202 tabulam
1155 1175 1210 1202 aut
1233 1171 1402 1211 sphaeram

121 1227 280 1269 pertinere
305 1225 427 1265 eredas,
452 1226 531 1257 satis
556 1230 683 1257 cautum
709 1235 779 1256 esse
804 1228 879 1265 puto
905 1225 1179 1265 argumentatione
1204 1234 1284 1255 mea.

213 1280 276 1311 Sed
311 1289 350 1311 ne
385 1279 478 1310 nimis
512 1278 604 1310 avide
638 1288 687 1310 me
712 1278 875 1309 arbitreris
900 1278 1004 1309 onmia
1029 1278 1068 1308 ad
1095 1278 1254 1308 Cratetem
1278 1276 1403 1308 trahere

121 1333 261 1373 nihilque
286 1336 392 1365 sectae
417 1333 544 1363 Stoicae
570 1331 767 1373 principibus
791 1331 980 1371 relinquere7
1013 1331 1192 1371 Chrysippo
1218 1334 1249 1361 et
1272 1330 1403 1369 Zenoni,

122 1387 216 1427 longe
240 1397 290 1418 me
315 1387 428 1417 abesse
452 1386 555 1417 fateor
580 1386 620 1416 ab
645 1395 684 1416 ea
709 1385 866 1426 opinione,
892 1388 925 1415 ut
949 1384 1107 1415 Cratetem
1133 1384 1235 1424 ipsum
1257 1393 1404 1414 censeam

122 1440 260 1471 rationes
292 1440 369 1470 istas
403 1439 592 1479 allegoricas
622 1439 821 1478 excogitasse
846 1441 902 1469 aut
926 1447 1144 1477 quaecumque
1169 1437 1340 1477 allegorice
1365 1436 1404 1468 de

123 1494 171 1524 dis
195 1493 370 1524 Homericis
394 1496 561 1523 narrentur
586 1502 604 1522 a
621 1491 747 1522 Cratete
773 1491 841 1522 solo
867 1491 1011 1522 derivata
1035 1501 1119 1529 esse3
1145 1490 1238 1521 immo
1261 1500 1299 1521 ex
1319 1490 1404 1530 frag-

122 1547 221 1578 menti
252 1556 350 1587 supra
374 1556 403 1586 p.
421 1547 462 1577 33
487 1545 582 1586 positi
606 1551 720 1576 natura
744 1544 915 1576 verisimile
939 1544 1015 1575 mihi
1039 1544 1162 1576 videtur
1187 1553 1242 1575 eas
1265 1544 1403 1583 fabulas,

123 1610 206 1640 quae
231 1599 367 1631 maxime
393 1603 446 1630 aut
470 1602 601 1639 propter
624 1598 819 1638 impietatem
845 1602 955 1629 contra
977 1597 1053 1629 deos
1070 1597 1192 1629 animos
1209 1596 1405 1628 offenderent

123 1657 177 1684 aut
211 1656 342 1694 propter
376 1652 555 1692 argumenti
591 1652 816 1683 obscuritatem
852 1651 1011 1682 hominum
1048 1651 1194 1682 acumina
1229 1651 1261 1681 in
1292 1660 1326 1682 se
1351 1650 1406 1681 ad-

123 1709 293 1743 verterent,
319 1706 496 1737 simillimas
520 1715 690 1746 perpessas
715 1715 784 1736 esse
809 1704 1088 1745 interpretationes
1113 1705 1167 1744 eis,
1196 1714 1277 1744 quae
1300 1704 1405 1735 ferun-

123 1765 174 1790 tur
197 1758 282 1800 apud
306 1759 502 1790 Heraclitum
526 1759 626 1790 Demo
651 1757 817 1797 eeteros1).

212 1813 316 1852 Atque
334 1813 373 1844 de
390 1812 569 1844 Stoicorum
587 1811 713 1852 quidem
730 1811 1044 1852 interpretationibus
1065 1810 1149 1842 haud
1175 1811 1239 1842 scio
1265 1820 1305 1841 an
1330 1810 1406 1850 quid

124 1865 225 1907 possit
249 1866 321 1897 elici
345 1876 384 1897 ex
408 1865 529 1897 scholio
554 1866 599 1896 *Β
618 1865 646 1896 D
671 1865 712 1896 ad
740 1867 763 1895 O
780 1866 819 1896 21
848 1863 1042 1907 [Πορφυρίου
1068 1863 1107 1906 D]
1137 1863 1191 1894 καὶ
1219 1862 1406 1905 ἔμπροσθεν

218 1937 238 1970 ¹)
258 1935 321 1962 Noli
350 1936 402 1962 hue
429 1935 533 1962 referre
561 1936 643 1962 schol.
669 1935 747 1962 Hom.
767 1935 789 1961 B
817 1935 850 1961 ad
876 1935 900 1959 Y
920 1935 952 1961 67
982 1934 1092 1967 (Porph.
1112 1934 1126 1960 Ι
1145 1935 1205 1961 240,
1226 1934 1259 1960 14
1283 1933 1405 1967 Schrad.)

125 1993 158 2002 =
171 1980 326 2014 Theagenis
345 1981 390 2006 Fr.
404 1982 420 2007 ‘2
440 1989 465 2013 p.
486 1982 535 2007 511
559 1980 641 2011 Diels,
661 1979 688 2006 iu
708 1988 761 2012 quo
781 1980 815 2005 ad
834 1980 1007 2013 Theagenem
1027 1987 1080 2005 non
1100 1978 1159 2012 ipsa
1179 1986 1247 2011 quae
1266 1978 1407 2011 profertur

125 2024 271 2058 explicatio
300 2025 449 2059 allegorica
477 2025 523 2051 secl
547 2024 666 2051 universi
692 2024 844 2057 explicandi
869 2023 978 2057 generis
1003 2023 1125 2050 inventio
1145 2028 1297 2050 revocatur.
1336 2023 1406 2049 idem

124 2069 197 2095 inter
215 2069 371 2096 inventores
395 2073 423 2096 et
449 2069 521 2102 apud
541 2069 688 2096 'ratianum
708 2077 733 2102 p.
754 2070 796 2102 31,
819 2069 849 2094 16
869 2068 954 2094 Schw.
975 2071 1004 2094 et
1023 2067 1050 2094 in
1074 2068 1156 2094 schol.
1176 2067 1288 2101 Dionys.
1309 2068 1405 2094 Thrac.

126 2122 150 2147 p.
173 2113 230 2143 164,
250 2114 284 2140 ‘23
304 2114 382 2139 Schn.
401 2118 568 2140 numeratur.
607 2113 778 2140 inventorum
808 2117 899 2139 autem
929 2112 1190 2145 antiquissimorum,
1219 2120 1332 2145 quorum
1358 2120 1407 2145 per

125 2158 267 2191 catalogos
295 2158 424 2184 memoria
448 2158 663 2192 propagabatur,
692 2162 749 2184 tam
772 2157 894 2191 copiosas
919 2165 999 2190 quam
1023 2156 1052 2183 in
1075 2157 1123 2183 illo
1147 2156 1248 2183 scholio
1267 2156 1407 2183 exstitisse

125 2202 255 2235 reliquias
274 2210 327 2228 nou
347 2206 389 2229 est
408 2202 543 2229 credibile.
