1697 2530
690 181 731 209 49

72 287 145 324 189,
160 287 216 316 20:
249 283 324 326 ὁρᾷς
352 283 599 326 φιλυσοφωίάῑη
635 284 732 327 ψυχή,
762 284 852 323 ὅπως
882 284 1175 325 γραμματικεὺομαι
1210 285 1291 326 πρὸς
1315 285 1348 316 σὲ

69 338 124 370 τὸν
154 337 458 379 γραλιιματικώταιον
482 361 489 368 .
508 362 540 368 ..
566 338 617 368 καὶ
649 336 677 369 εἰ
707 337 750 381 μή
783 349 845 369 τισι
875 337 1147 380 μειρακιευόμενος
1173 337 1277 376 ἔδοξα,
1314 337 1350 368 τὰ

71 390 232 433 Φημονόης
255 390 295 422 ἄν
318 402 366 422 σοι
390 391 558 433 διεξῆλθον
574 392 627 422 καὶ
652 395 800 433 Δημοῦς
824 393 889 434 τῆς
912 393 1192 434 γραμματικῆς,
1217 394 1272 434 τῆς
1293 391 1351 432 μὲν

68 443 150 482 ἔπος
181 442 340 487 εὑρούσης,
373 447 427 486 τῆς
460 443 493 476 δὲ
526 447 634 484 τέχνας
663 447 939 487 συγγραψαμένης.
977 456 1037 485 quo
1063 445 1187 477 accedit
1211 445 1295 485 quod
1319 445 1350 476 in

70 497 189 530 Suidae
213 497 374 529 codicibus
391 498 578 538 quibusdam
596 499 678 530 inter
695 509 761 530 voc.
785 499 901 538 βαῦνος
918 502 949 530 et
964 498 1075 539 βάψας
1091 499 1170 530 haec
1187 499 1350 539 leguntur:

71 550 167 592 Βαριὺ
202 552 253 582 καὶ
290 550 404 593 Auspicii:
435 549 575 591 ὀνόματα
608 553 714 592 σοφῶν
745 552 908 592 γυναικῶν.
944 555 1113 593 praeterea
1136 562 1160 584 s.
1183 563 1212 583 v.
1239 551 1350 594 Δημώῑ

71 603 171 644 ὄνομα
204 604 320 645 κύριον.
358 603 490 643 ἐξένισεν
522 602 538 646 ἡ
570 604 668 645 Βαβώ
698 604 753 646 τὴν
784 604 891 646 Δημώ.
932 615 971 636 ex
1003 616 1063 645 quo
1095 605 1183 644 sequi
1209 605 1351 637 Usenero

71 658 248 697 videbatur,
274 661 307 688 ut
327 657 474 689 inductae
491 658 625 689 fuissent
640 658 672 689 in
689 658 914 690 commentario
932 658 986 689 illo
1004 658 1174 699 allegorico
1192 658 1251 690 hae
1269 659 1351 690 duae

71 711 304 743 vetustissimae
336 711 542 743 mulierculae
576 710 615 743 de
640 711 756 742 fabulis
780 712 909 743 Homeri
935 711 1142 753 disputantes.
1179 712 1351 753 reprobare

72 764 206 796 Useneri
230 764 440 796 coniecturam
466 763 585 795 studuit
609 764 820 804 Ludwichius,
847 765 899 804 qui
923 765 955 796 in
978 765 1068 804 libro,
1093 764 1146 805 qui
1170 765 1353 796 inscribitur

74 817 276 856 „Festschrift
299 817 348 848 fiir
370 816 505 856 Ludwig
530 817 756 849 Friedlii11der“
784 819 896 859 (1895)
922 829 951 859 p.
969 819 1089 857 29655,
1119 821 1150 849 et
1173 819 1352 858 fragmenta

70 871 240 911 diligenter
263 871 404 902 enotavit
428 874 460 901 et
484 880 546 901 non
570 880 640 902 esse
665 870 768 902 fictum
794 871 871 902 illud
894 882 1008 902 nomen
1027 882 1046 902 a
1068 871 1198 903 falsario
1216 872 1351 912 quodam

70 924 128 956 sed
152 934 265 955 revera
289 927 320 955 et
343 924 459 955 vixisse
485 923 564 954 hanc
586 924 805 965 philosopham
823 928 854 955 et
872 925 1128 956 commentarium
1146 925 1352 966 allegoricum

71 977 251 1008 condidisse
284 987 323 1008 ex
355 977 455 1018 ipsius
489 977 623 1008 nominis
655 978 738 1008 1131111
770 987 840 1009 raro
871 978 957 1019 apud
988 982 1113 1010 veteres
1144 989 1202 1010 usu
1233 979 1353 1010 studuit

73 1031 291 1071 comprobare.
328 1031 383 1062 sed
417 1041 479 1062 non
510 1031 648 1062 substitit
681 1031 879 1062 Ludwichius
911 1032 941 1062 in
978 1032 1036 1063 bae
1072 1032 1261 1071 coniectura,
1297 1033 1352 1064 sed

73 1085 174 1125 ipsius
210 1084 316 1125 operis
354 1083 475 1114 initium
511 1083 572 1114 sibi
612 1083 768 1114 detexisse
804 1084 889 1114 visus
929 1087 976 1115 est
1015 1085 1045 1115 in
1087 1085 1196 1117 codice
1235 1085 1353 1117 Vindo-

74 1137 206 1168 bonensi
239 1138 295 1174 49,
335 1146 427 1176 quem
461 1146 529 1167 cum
562 1136 682 1167 scholia
714 1137 869 1176 quaedam
901 1137 932 1168 in
964 1137 999 1168 11.
1024 1141 1060 1168 A.
1085 1139 1244 1170 continere
1275 1139 1352 1171 alle-

72 1191 183 1231 gorica
206 1189 338 1227 videret,
362 1189 440 1220 haec
464 1189 522 1220 sub
548 1189 666 1220 Demus
690 1190 814 1220 nomine
849 1190 964 1230 publici
990 1191 1065 1222 iuris
1090 1191 1166 1222 fecit
1189 1192 1221 1223 in
1244 1192 1352 1224 lndiee

71 1244 143 1275 lect.
178 1244 320 1275 Uuivers.
353 1243 529 1283 Regimont.
562 1243 636 1273 anni
671 1245 763 1275 1895.
796 1243 852 1274 sed
886 1254 1009 1275 errasse
1042 1245 1101 1275 hae
1132 1245 1163 1276 in
1192 1256 1226 1276 re
1252 1246 1351 1277 virum

71 1296 286 1327 doctissimum
317 1306 375 1338 pro
400 1300 485 1327 certo
510 1297 623 1331 1131160,
657 1307 725 1327 cum
755 1306 856 1336 neque
881 1301 1076 1337 argumenta,
1103 1308 1185 1338 quae
1210 1299 1353 1330 adhibuit

71 1349 126 1381 ille
163 1350 287 1390 quidem
329 1360 345 1381 e
381 1350 510 1381 fortuita
547 1354 577 1380 et
612 1349 671 1381 levi
713 1350 960 1390 fragmentorum
1000 1351 1203 1383 similitudine
1242 1353 1352 1393 petita,

71 1401 212 1433 habeant
244 1403 338 1434 ullam
364 1403 425 1434 vim
454 1403 494 1434 ad
519 1403 773 1443 persuadendum
798 1407 828 1435 et
852 1404 902 1435 vel
927 1414 964 1435 eo
989 1404 1081 1436 istam
1104 1408 1204 1436 totam
1231 1406 1353 1437 coniec-

70 1458 175 1486 turam
201 1456 316 1488 cadere
341 1457 382 1488 ad
406 1457 525 1487 irritum
549 1467 680 1488 necesse
705 1458 753 1492 sit,
779 1457 861 1497 quod
886 1468 949 1488 una
973 1458 1028 1488 sed
1054 1468 1093 1489 ea
1109 1459 1299 1499 gravissima
1322 1460 1353 1490 in

72 1518 106 1539 re
124 1509 302 1549 fragmenta
320 1510 437 1541 Demus
454 1510 593 1550 genuina
609 1509 791 1551 discrepant
815 1510 855 1541 ab
880 1510 943 1541 illis
967 1511 1106 1542 scholiis.
1142 1512 1352 1551 fragmentum

70 1561 156 1593 enim
169 1562 429 1603 copiosissimum,
448 1573 508 1603 quo
526 1564 630 1603 agitur
646 1564 684 1595 de
702 1564 805 1604 clipeo
822 1563 954 1594 Achillis
971 1564 1072 1602 (Eust.
1085 1575 1114 1605 p.
1130 1566 1225 1606 1154,
1240 1566 1353 1607 4255),

71 1614 147 1646 licet
177 1615 269 1647 valde
301 1617 340 1648 ab
373 1616 538 1647 Eustathio
571 1616 790 1647 abbreviatum
826 1626 863 1647 ae
899 1620 1093 1648 contractum
1130 1618 1180 1657 sit⁷
1217 1609 1354 1650 dilue-ide

72 1671 179 1700 tamen
191 1669 368 1701 etiamnunc
383 1670 578 1701 demonstrat
592 1673 690 1701 totam
704 1671 784 1701 hanc
794 1670 922 1702 Homeri
934 1671 1150 1702 narrationem
1164 1671 1353 1704 illustratam

72 1722 169 1753 fuisse
204 1733 266 1754 una
299 1726 330 1754 et
362 1727 516 1764 perpetua
548 1723 819 1764 interpretatione,
857 1734 919 1763 qua
947 1724 988 1755 ad
1013 1727 1130 1755 certum
1156 1725 1297 1756 ordinem
1323 1730 1354 1757 et

72 1785 124 1806 res
149 1775 274 1807 divinae
292 1781 515 1808 enarr-arentur
532 1780 562 1807 et
579 1776 745 1815 humanae⁷
771 1786 851 1816 quae
869 1780 974 1808 essent
992 1788 1047 1818 per
1063 1778 1149 1808 illam
1167 1778 1354 1818 allegoriam

70 1837 92 1859 3
115 1832 211 1869 poeta
235 1829 419 1861 illustratae.
460 1830 646 1861 documento
672 1833 743 1861 sunt
767 1830 923 1861 Eustathii
940 1830 1017 1862 haee
1034 1832 1132 1862 verba
1149 1841 1178 1872 p.
1197 1833 1292 1871 1154,
1312 1833 1351 1863 61

70 1881 125 1920 (ad
161 1885 187 1912 Σ
206 1883 299 1923 481):
340 1883 392 1913 καὶ
432 1884 563 1913 τοιαῦτα
602 1882 738 1914 εἰποῦσα
780 1881 795 1925 ἡ
834 1883 918 1926 σοφὴ
956 1881 1170 1921 ἆσῑῑιδοῐῖοιὸς
1208 1885 1261 1915 καὶ
1300 1885 1355 1927 τὴν

71 1932 356 1975 (Ηφαισῐότευκτον
372 1936 424 1966 καὶ
442 1934 520 1966 καθ’
540 1934 613 1978 Urgu
633 1935 757 1967 ἀσπίδα
781 1936 1045 1975 μετιισκευάσασα
1070 1936 1254 1978 νοερώτερον
1278 1948 1354 1977 συμ·

73 1986 196 2027 βιβάζει
220 1989 272 2019 καὶ
297 1989 337 2019 τά
358 1989 430 2030 περὶ
455 1992 517 2019 τῶν
541 1989 665 2020 πολεων
689 1990 742 2020 καὶ
766 1989 825 2020 ὅσα
849 1988 931 2020 ἅλλα
955 1990 1038 2030 λέγει
1062 1988 1079 2021 ὁ
1104 1991 1240 2032 ποιητὴς
1262 1989 1294 2022 ἐν
1317 1995 1355 2032 τῇ

71 2038 298 2084 ἀσπιδοποιίᾳ,
337 2042 474 2083 λέγοι-σα
514 2041 561 2073 ὅτι
602 2043 735 2084 πράξεις
772 2041 955 2083 ἀνθρώπων
994 2044 1126 2085 πολέμῳ
1163 2044 1216 2075 καὶ
1252 2043 1355 2086 εἰρήνῃ

74 2093 268 2133 πρεπούσας,
293 2093 347 2137 1ὑφ’
372 2090 414 2126 ὧν
438 2094 454 2126 ὁ
480 2094 556 2126 nez-‘t'
583 2095 668 2138 ἡμεῖς
691 2095 854 2127 διοικεῖται
876 2098 955 2137 βίος,
981 2094 1176 2137 ἀπαγγέλλει
1192 2096 1233 2128 δι’
1251 2095 1357 2129 αὐτῶν

73 2144 91 2176 ὁ
125 2146 269 2189 ποιητής,
304 2148 468 2190 εἰσηγητής
502 2152 555 2191 τῆς
586 2147 718 2191 ἀρίστης
749 2148 909 2190 γινόμενος
940 2149 1089 2191 πράξειας
1114 2174 1121 2181 .
1139 2174 1146 2181 .
1165 2174 1172 2181 .
1198 2151 1251 2182 καὶ
1275 2150 1356 2188 ὅλως

72 2196 278 2231 ἀποδείκνυσι
303 2201 507 2243 πλατυτάτην
531 2202 584 2244 τὴν
608 2201 842 2233 clm-adommim
866 2203 938 2245 περὶ
956 2206 1053 2234 θείων
1069 2204 1123 2235 καὶ
1139 2201 1356 2246 ἀνθρωπίνων

130 2256 291 2279 Reinhnrdt.
307 2258 338 2277 De
354 2259 480 2278 Graecorum
497 2259 611 2284 theologia.
1158 2267 1174 2292 4
