1697 2530
907 162 949 193 94

290 265 348 306 τὴν
382 264 563 305 νυκτερινήν
596 264 756 304 μελανίαν,
789 259 824 306 ἧς
848 262 900 295 οἶα
955 266 1235 305 cognominant;
1268 265 1307 296 de
1336 275 1397 305 quo
1421 269 1562 306 tempore

290 318 343 349 καὶ
363 317 482 359 μητρὸς
497 315 721 357 α’πογεννᾶται,
747 314 788 353 (ὗς
803 314 899 347 ἄλλα·
953 317 1000 348 ita
1030 322 1126 358 poeta
1160 318 1268 349 scribit
1299 320 1344 355 (H
1373 319 1451 356 4:53)
1487 313 1564 359 ἦμος

291 374 349 410 χοῦ
380 370 571 411 γέγραπται,
604 367 686 400 οὕτω
721 369 775 399 καὶ
808 368 901 406 λύκος
955 367 981 400 δ’
997 367 1062 400 οὔτ’
1087 368 1126 411 ἄρ
1151 382 1203 400 πω
1218 368 1290 412 ἠώς,
1307 369 1354 401 ἔτι
1371 368 1563 411 ὁόἕμφιλύκη

291 422 455 454 ἀνάκειται
493 420 581 464 αὐτῷ
624 422 677 453 διά
724 422 760 453 τὸ
806 421 901 461 μέσον
955 422 1019 461 νύξ.
1055 423 1139 454 idem
1166 423 1318 454 Homerus
1339 426 1382 460 (A
1403 425 1459 455 101
1480 423 1563 463 quod

290 473 371 508 εἶναι
401 473 522 517 ἀμφοῖν
553 475 588 506 τὸ
623 475 744 506 λύκειον
772 474 899 516 χρῶμα·
957 480 1005 506 est
1057 476 1171 506 lemma
1225 475 1307 515 apud
1354 475 1564 513 Eustathium)

291 528 451 570 oeefpptv‘d'eg
484 528 544 570 γὰρ
579 528 630 559 καὶ
667 526 737 559 οὕτε
772 527 901 569 φαεινὸν
955 527 1046 567 εὔχεο
1100 526 1124 558 δ’
1178 525 1350 559 Ἀπόλλωνι
1407 528 1564 569 λυκηγενέι

292 581 365 613 οὔτε
395 581 499 623 ἄκρως
529 581 629 621 μέλαν
664 579 730 612 ἀλλ’
769 579 835 611 οἷόν
870 592 900 611 τι
956 580 1141 622 κλυτοτόξῳ,
1189 581 1272 620 quod
1318 580 1474 620 significat
1512 580 1563 621 -τῴ

291 635 327 667 τὸ
368 634 431 675 πρὸ
475 638 532 676 τῆς
566 632 789 674 κροκοπέπλου
824 631 902 664 ὕπο·
955 636 1100 674 γεννιῗντι
1132 633 1189 675 τήν
1223 633 1327 675 λύκην,
1363 632 1394 663 id
1430 635 1478 664 est
1512 633 1564 672 qui

292 688 436 728 νύκτερον
457 689 576 727 χρῶμα,
601 685 618 718 ὃ
642 687 702 717 καὶ
728 686 901 728 λυκόφως
956 691 1087 727 generat
1112 690 1222 717 exortu
1245 696 1302 718 suo
1326 686 1437 717 lucem.

292 739 309 784 ἦ
344 738 694 782 καθωμιλημένι]
731 739 902 780 γλῶσσα

292 795 407 825 καλεῖ.

383 846 547 887 Adscripsi
564 846 603 876 ad
622 846 838 884 Eustathiana,
862 855 902 876 ne
920 845 958 875 de
976 848 1102 876 auctore
1119 845 1184 875 ulla
1200 844 1257 876 tibi
1281 844 1435 875 dubitatio
1459 846 1566 882 restet,

294 901 397 932 locum
430 900 667 931 Macrobianum
701 898 891 939 Apollodoro
925 897 1117 928 vindicatum
1150 907 1170 928 a
1199 898 1353 928 Miinzelio
1382 898 1401 928 l.
1425 897 1443 928 l.
1468 907 1496 937 p.
1515 898 1565 928 16.

295 953 406 993 quodsi
438 953 506 984 iure
537 957 643 983 nostro
676 952 754 983 haec
787 962 825 983 ex
858 951 1011 992 ampliore
1040 951 1095 982 illa
1119 951 1231 991 ecloga
1255 950 1381 981 fluxisse
1407 951 1566 988 sumimus,

294 1010 439 1047 apparet,
472 1007 552 1037 sicut
585 1006 658 1045 dixi,
690 1015 766 1036 sane
791 1005 915 1044 longam
944 1004 994 1035 hic
1018 1004 1227 1044 Porphyrium
1259 1003 1424 1035 admisisse
1449 1003 1567 1043 digres-

295 1060 423 1090 sionem.
460 1060 513 1090 sed
539 1063 645 1090 tamen
670 1069 730 1089 non
756 1068 792 1089 eo
817 1058 879 1089 ista
911 1058 990 1089 ratio
1023 1057 1115 1095 valet⁷
1148 1061 1181 1088 ut
1213 1057 1251 1088 de
1285 1057 1416 1097 eelogae
1446 1056 1567 1096 origine

294 1112 515 1153 Porphyriana
539 1112 605 1143 iure
638 1112 801 1143 videamur
831 1111 985 1146 dubitare,
1018 1110 1171 1150 siquidem
1201 1120 1241 1141 ne
1266 1110 1419 1141 Herodoti
1443 1109 1565 1149 quidem

293 1166 394 1196 locum
418 1165 500 1196 idem
526 1166 579 1196 ille
604 1165 762 1205 explicare
796 1164 914 1195 veritus
944 1168 991 1194 est
1015 1164 1046 1194 in
1071 1164 1256 1203 quaestione
1281 1174 1309 1203 p.
1335 1164 1398 1194 286
1423 1162 1511 1193 Schr.
1537 1164 1567 1192 et

295 1219 425 1257 aceedit,
450 1219 533 1258 quod
557 1218 695 1258 perbene
721 1217 850 1256 eclogae
875 1217 959 1247 illius
983 1217 1064 1247 ratio
1090 1216 1224 1255 quadrat
1248 1216 1278 1246 in
1296 1215 1464 1256 Porphyrii
1489 1224 1567 1255 opus

294 1272 391 1312 prius,
426 1271 457 1302 in
491 1281 551 1310 quo
585 1271 711 1311 saepius
744 1270 788 1301 ita
812 1273 883 1300 sunt
907 1269 1079 1309 dispositae
1104 1268 1315 1309 quaestiones,
1346 1271 1380 1299 ut
1408 1268 1438 1298 in
1462 1267 1568 1298 media,

297 1335 404 1356 earum
438 1328 528 1365 parte
562 1324 633 1363 lege
665 1323 800 1363 quadam
825 1322 1004 1362 explicandi
1029 1323 1198 1352 constituta
1221 1321 1261 1352 ad
1286 1321 1368 1352 idem
1393 1321 1443 1351 vel
1467 1320 1568 1351 simile

296 1377 473 1418 exemplum
498 1377 574 1415 eius,
599 1387 618 1407 a
642 1387 703 1415 quo
728 1386 801 1406 orsa
825 1380 904 1415 erat,
936 1375 975 1405 ad
1006 1379 1177 1405 extremum
1201 1374 1312 1405 redeat
1337 1374 1445 1404 oratio.
1481 1373 1568 1403 cuius

295 1431 420 1471 generis
445 1430 589 1470 exempla
614 1429 690 1460 satis
715 1429 816 1459 habeo
841 1428 955 1459 afferre
980 1428 1074 1468 ipsas,
1105 1427 1143 1458 de
1168 1427 1282 1466 quibus
1307 1437 1404 1467 supra
1427 1425 1567 1466 exposui,

296 1484 425 1524 eclogas
450 1483 631 1524 Apollodori
657 1482 696 1512 ad
721 1481 753 1511 B
778 1482 839 1512 787
865 1484 906 1522 (p.
934 1484 985 1517 40,
1000 1482 1041 1512 26
1067 1480 1164 1519 Schr.)
1190 1483 1222 1511 et
1244 1483 1274 1510 E
1297 1482 1360 1511 422
1386 1479 1568 1519 adscriptas.

295 1547 353 1568 nec
384 1533 487 1567 minus
516 1536 688 1566 Nereidum
725 1534 862 1574 catalogi
895 1534 1152 1574 explanationem
1185 1537 1259 1574 apte
1295 1543 1365 1563 cum
1401 1530 1569 1572 Porphyrii

296 1590 418 1621 ratione
443 1589 610 1620 convenire
627 1588 720 1619 facile
739 1587 903 1618 concedes.
939 1587 1043 1625 itaque
1061 1586 1100 1616 ad
1118 1586 1203 1627 prius
1221 1595 1300 1626 opus
1317 1584 1569 1626 Porphyrianum

296 1643 406 1674 ambas
431 1643 501 1673 illas
526 1642 653 1681 eclogas
677 1641 794 1671 referre
819 1640 904 1671 nulla
929 1640 991 1670 iam
1016 1649 1049 1670 re
1074 1639 1283 1680 prohibemur.

386 1696 452 1726 Nec
476 1705 551 1726 vero
577 1705 667 1734 quem
692 1693 878 1725 adulescens
902 1697 966 1724 tam
990 1693 1132 1733 impense
1156 1692 1353 1723 lectitaverat
1376 1689 1569 1731 Porphyrius

296 1752 327 1780 et
352 1751 554 1789 excerpserat
578 1748 760 1788 scriptorem
785 1746 832 1777 vir
856 1745 894 1777 de
919 1756 1012 1777 manu
1037 1745 1148 1786 posuit.
1179 1745 1268 1776 cuius
1295 1745 1342 1775 rei
1366 1744 1453 1775 clara
1476 1743 1570 1773 docu-

297 1805 402 1833 menta
427 1804 497 1832 sunt
521 1805 551 1832 et
576 1801 656 1831 liber
680 1799 752 1841 περὶ
775 1803 829 1841 τῆς
853 1798 972 1839 Στυγός
995 1799 1165 1839 inscriptus
1189 1802 1218 1829 et
1237 1798 1289 1837 qui
1305 1797 1384 1828 miro
1401 1806 1478 1827 sane
1495 1805 1570 1826 casu

296 1856 363 1885 fere
399 1855 500 1885 adhuc
537 1854 699 1893 neglectus
736 1853 833 1883 iacuit
868 1852 949 1883 liber
978 1851 1052 1892 περὶ
1085 1849 1285 1893 ἀγαλμάτων.
1333 1850 1364 1880 in
1389 1859 1450 1888 quo
1475 1858 1569 1887 quam

297 1908 430 1938 fideliter
464 1907 658 1947 Porphyrius
693 1905 878 1947 Apollodori
921 1905 1074 1945 exprimat
1118 1904 1297 1944 imaginem,
1338 1911 1508 1942 cognosces
1543 1900 1570 1931 si

296 1960 425 1991 Eusebii
450 1970 557 2001 praep.
583 1970 628 1991 ev.
648 1960 695 1990 III
717 1962 763 1997 11,
778 1960 819 1990 32
844 1958 1013 1989 contuleris
1031 1967 1101 1988 cum
1118 1956 1237 1987 scholio
1263 1955 1450 1986 Theocriteo
1476 1954 1568 1994 1112,

298 2013 381 2053 quod
416 2023 509 2052 quam
543 2016 627 2043 recte
659 2012 889 2043 Hefermehlius
921 2021 950 2051 p.
972 2011 1012 2041 28
1047 2013 1177 2050 propter
1208 2009 1319 2040 scholii
1350 2009 1438 2039 1136
1463 2007 1571 2038 simili-

297 2066 437 2097 tudinem
455 2065 648 2106 Apollodoro
666 2064 883 2102 vindicaverit,
909 2074 989 2094 nunc
1006 2067 1090 2094 certo
1114 2065 1299 2102 argumento
1325 2061 1569 2092 demonstratur:

364 2118 614 2149 Schol.'l‘heoer.
649 2115 764 2158 Ἑκάτη
788 2118 908 2155 χθονία
1028 2116 1141 2146 Euseb.
1177 2116 1226 2154 11,
1249 2116 1298 2146 32.
1345 2112 1459 2154 Ἑκάτη
1492 2112 1525 2143 δὲ
1552 2109 1570 2154 ἡ

298 2171 350 2202 καὶ
384 2170 491 2212 σελήνη
522 2169 540 2212 ἡ
569 2168 647 2211 αὐτή
673 2168 755 2200 ἐστι’
788 2171 907 2208 χθονία
963 2166 1071 2210 σελήνη
1109 2166 1216 2203 πάλιν,
1260 2167 1318 2209 τῆς
1354 2166 1428 2208 περὶ
1474 2163 1571 2207 αὐτὴν
