1697 2530
874 171 915 201 30

262 278 370 306 contra
394 285 462 306 cum
487 275 583 306 Sexto
608 274 775 315 Empirico.
814 275 927 306 etenim
952 275 1065 306 Sextus
1090 278 1121 307 et
1144 275 1174 306 in
1206 276 1262 307 illa
1286 275 1411 315 quidem
1444 280 1535 316 parte

262 328 356 359 etiam
383 329 502 359 Probus
526 338 546 359 a
570 327 737 358 Plutarcho
765 338 846 368 pers.
878 331 972 368 atque
996 328 1157 359 Heraclito
1189 338 1226 360 eo
1259 328 1416 368 differunt,
1449 327 1533 368 quod

261 381 308 411 illi
332 381 456 420 quidem
488 380 566 411 nihil
597 381 739 420 afferunt,
773 380 847 420 quin
878 380 918 411 ad
942 381 1071 412 Homeri
1103 381 1335 422 philosophiam
1369 382 1533 419 referatur,

263 436 372 465 contra
388 434 510 464 Probus
535 436 566 464 et
582 434 695 465 Sextus
712 433 888 474 Empiricus
912 443 974 464 non
999 434 1205 473 adquiescunt
1228 435 1260 465 in
1281 434 1408 465 Homeri
1433 433 1532 474 philo-

262 487 373 528 sophia
397 486 592 525 illustranda,
626 486 682 517 sed
706 486 839 517 aliorum
864 496 987 526 quoque
1018 489 1181 527 poetarum
1214 487 1536 527 philosophorumque

262 539 382 580 placita
414 543 588 571 recensent.
635 549 710 579 ergo
743 539 1004 580 doxographicus,
1039 542 1073 570 ut
1104 539 1149 570 ita
1182 539 1293 580 dicam,
1330 539 1377 570 his
1413 539 1534 570 duobus

263 594 392 624 subesse
416 592 485 624 fons
510 593 635 624 videtur
645 592 680 633 ¹),
706 593 793 624 cuius
817 603 905 623 usum
930 593 1024 623 latius
1049 593 1143 623 etiam
1168 596 1277 633 patere
1303 602 1482 632 cognosces,
1508 592 1534 623 si

263 645 432 677 contuleris
448 646 580 677 Achillis
597 646 674 684 isag.
693 656 758 677 exc.
776 656 800 676 c.
818 647 836 677 3
854 648 895 686 (p.
913 647 951 677 31
971 646 1099 686 Maass),
1121 645 1217 676 schol.
1234 645 1336 686 Apoll.
1354 645 1411 676 Rh.
1429 645 1443 675 l
1459 646 1533 683 497,

262 699 397 730 Tzetzac
421 699 476 729 Ex.
502 699 533 729 in
557 699 592 729 Il.
616 710 645 739 p.
667 701 706 730 41
733 698 907 738 Bekke12).
954 699 1065 738 quodsi
1101 699 1284 739 placitorum
1317 698 1533 729 collectionem

263 752 391 783 Sextum
417 752 536 793 pariter
560 756 590 783 et
614 752 749 782 Probum
774 762 943 792 usurpasse
961 755 1093 790 constat,
1118 762 1213 791 aegre
1238 761 1364 792 possum
1391 751 1534 790 equidem

263 805 385 844 adduci,
421 809 453 835 ut
487 815 592 835 eorum
628 805 744 836 fontem
780 805 903 836 credam
936 805 1142 836 Heracleonis
1173 804 1268 835 fuisse
1304 805 1334 835 in
1366 804 1534 835 Homerum

264 858 530 889 commentarium.
577 868 653 888 sane
679 868 740 897 qua
764 858 886 888 ratione
911 857 1117 889 Heracleonis
1147 867 1259 888 nomen
1291 858 1376 898 apud
1399 857 1534 888 Probum

264 914 540 942 commemoratum
567 911 728 951 explicem,
761 921 809 942 me
834 921 962 950 prorsus
986 921 1047 941 non
1073 910 1190 941 habere
1214 910 1312 941 libere
1344 909 1535 949 confiteor²³).

264 968 400 995 ceterum
425 974 464 995 ne
489 967 624 995 tractata
649 964 759 994 iterum
785 967 962 1000 retractem,
998 964 1140 1003 relegare
1169 964 1227 994 hae
1260 963 1298 994 de
1330 973 1363 994 re
1395 963 1539 1003 legentes

263 1018 341 1048 satis
366 1017 468 1048 habeo
493 1017 533 1047 ad
559 1027 607 1056 ea,
632 1027 713 1056 quae
738 1017 886 1048 disseruit
910 1016 1068 1048 Schrader
1092 1017 1243 1057 Porphyr.
1268 1017 1289 1047 1.
1329 1027 1358 1057 p.
1375 1018 1449 1048 406.

353 1070 416 1101 Sed
441 1070 537 1101 oritur
561 1070 703 1109 quaestio
729 1070 920 1108 difficillima,
952 1080 1032 1110 quae
1056 1070 1137 1100 ratio
1163 1069 1337 1101 intercedat
1367 1069 1448 1100 inter
1480 1069 1538 1099 has

264 1123 522 1164 philosophorum
546 1127 774 1163 poetarumque
799 1123 897 1154 series
922 1127 952 1154 et
984 1123 1014 1153 id
1041 1133 1129 1163 opus,
1155 1123 1236 1162 quod
1261 1133 1299 1153 ex
1321 1122 1480 1153 Heraclito
1505 1125 1538 1152 et

264 1177 431 1207 Plutarcho
466 1186 548 1217 pers.
585 1180 764 1207 restaurare
801 1186 896 1216 supra
935 1186 1041 1206 sumus
1079 1176 1230 1215 aggressi.
1278 1185 1315 1206 ac
1350 1178 1420 1206 sunt
1459 1184 1536 1205 sane

264 1234 431 1268 momenta,
465 1240 546 1269 quae
572 1230 718 1260 iuducere
744 1229 921 1269 quempiam
947 1229 1076 1269 possint,
1109 1231 1142 1258 ut
1165 1238 1351 1259 consensum
1375 1228 1457 1258 inter
1481 1227 1535 1258 illa

265 1283 511 1313 intercedentem
535 1282 611 1313 velit
637 1282 680 1313 ita
704 1282 874 1322 explicare,
908 1285 940 1312 ut
964 1292 1046 1321 quae
1080 1281 1120 1312 ad
1144 1281 1310 1312 Homerum
1345 1281 1537 1321 pertinentia

265 1337 376 1366 afferat
401 1335 633 1376 doxographus,
664 1336 741 1366 haec
766 1335 891 1374 quidem
917 1345 933 1365 e
958 1334 1112 1366 communi
1136 1334 1289 1365 Heracliti
1322 1337 1353 1365 et
1376 1333 1536 1364 Plutarchi

264 1398 346 1429 pers.
370 1389 465 1426 fonte,
491 1392 598 1418 cetera
621 1388 747 1418 aliunde
775 1388 918 1418 derivata
951 1397 1019 1418 esse
1051 1387 1228 1418 arbitretur.
1275 1387 1402 1417 obstant
1431 1389 1536 1417 tamen

265 1442 336 1472 huic
361 1441 537 1472 sententiae
563 1440 763 1471 difficultates
787 1450 863 1471 sanc
888 1451 1009 1480 graves.
1055 1450 1127 1471 nam
1160 1443 1193 1470 ut
1223 1443 1345 1470 taceam
1375 1439 1536 1470 doetrinae

265 1494 447 1539 bonitatem,
481 1504 542 1533 qua
566 1494 752 1534 conspicuus
777 1497 824 1525 est
849 1493 1084 1534 doxographus,
1119 1493 1176 1523 hoc
1203 1493 1295 1524 velim
1321 1492 1457 1523 animum
1484 1492 1536 1522 ad-

264 1551 379 1586 vertas,
403 1547 604 1586 Heraclitum,
631 1550 664 1577 ut
688 1547 718 1577 in
744 1547 858 1578 ceteris
883 1547 1006 1585 quidem
1032 1547 1125 1577 rebus
1151 1556 1220 1576 cum
1243 1546 1338 1576 Sexto
1363 1545 1537 1576 consentiat

265 1601 339 1639 fere,
364 1601 408 1631 ita
433 1600 613 1639 discrepare
639 1600 669 1630 in
695 1610 741 1640 eo,
768 1599 850 1638 quod
876 1600 907 1630 in
932 1600 1092 1630 afferendo
1117 1599 1233 1639 placito
1251 1598 1409 1638 Euripidis
1434 1607 1537 1637 neque

357 1706 375 1737 ¹)
397 1704 520 1730 Fortasse
544 1713 575 1731 ex
599 1705 691 1730 eodem
717 1705 791 1730 fonte
816 1704 947 1730 delibavit
971 1704 1070 1730 Sextus
1094 1704 1149 1730 VII
1172 1704 1307 1730 127μ129
1332 1711 1356 1736 p.
1377 1702 1465 1729 2183.
1486 1702 1537 1730 IX,

265 1750 352 1775 ‘imm
374 1758 396 1782 p.
412 1748 588 1774 392—3933.
628 1749 660 1774 cf.
682 1749 815 1775 Schrader
836 1749 933 1781 Porph.
954 1749 967 1774 1
987 1756 1011 1781 p.
1026 1749 1075 1774 402
1097 1749 1156 1774 adn.
1177 1750 1200 1774 2.

356 1795 377 1824 ²)
399 1793 485 1827 [Nunc
505 1801 568 1819 saue
588 1793 665 1818 video
695 1793 833 1825 Euripidis
862 1797 889 1819 et
914 1793 1094 1825 Anaxagorae
1122 1792 1282 1818 mentionem
1312 1791 1382 1824 apud
1411 1791 1536 1816 Tzetzem

266 1839 389 1863 haustam
411 1845 467 1863 esse
487 1845 519 1863 ex
539 1837 658 1862 Diodoro
679 1838 700 1869 Ι,
716 1838 738 1869 Τ,
754 1837 776 1862 7.
814 1845 866 1862 non
890 1842 964 1863 recte
988 1837 1076 1870 igitur
1094 1837 1125 1862 A.
1147 1836 1287 1862 Dieterich
1308 1835 1412 1868 Nekyia
1431 1843 1456 1867 p.
1477 1835 1536 1861 102.

266 1886 357 1907 cetera
382 1882 497 1908 indidem
523 1881 659 1907 fluxerunt
683 1882 752 1907 unde
776 1881 909 1914 allegoria
935 1882 967 1907 de
992 1881 1064 1907 Pelei
1088 1880 1198 1913 nuptiis,
1224 1888 1291 1912 quae
1314 1879 1402 1905 nescio
1427 1886 1458 1904 ex
1484 1886 1536 1910 quo

266 1926 341 1951 fonte
360 1926 487 1951 Iohannis
501 1925 664 1951 Antiocheni
684 1925 836 1951 narrationi
856 1929 898 1951 est
917 1925 1020 1950 inserta
1041 1925 1082 1957 (cf.
1098 1926 1132 1951 M.
1147 1925 1175 1950 F.
1193 1925 1223 1950 H.
1239 1924 1277 1950 IV
1297 1932 1321 1956 p.
1336 1923 1404 1951 5:30).
1424 1922 1536 1948 similem

265 1970 481 2001 explanationem
507 1978 565 1995 cum
587 1970 657 2002 apud
677 1970 835 1995 Sallustium
861 1969 965 1995 invenis
984 1970 1028 2000 (de
1052 1969 1093 1994 dis
1117 1977 1141 2001 p.
1164 1969 1205 1998 13)
1230 1971 1287 1993 tum
1312 1967 1382 1999 apud
1407 1966 1536 1992 Clement.

266 2013 342 2039 Rom.
364 2013 440 2038 Hom.
456 2014 502 2039 IV.
525 2015 564 2040 14.
603 2014 708 2039 omnino
738 2022 834 2046 operae
862 2013 978 2046 pretium
1007 2017 1049 2039 est
1077 2021 1122 2038 eas
1150 2020 1307 2044 componere
1326 2011 1480 2044 allegorias,
1509 2010 1536 2036 in

267 2058 362 2089 quibus
391 2058 534 2083 secundum
564 2058 692 2090 Orphicos
720 2057 782 2088 ming
812 2058 853 2083 vel
877 2066 928 2083 nox
953 2057 1083 2090 principio
1107 2064 1196 2082 rerum
1216 2056 1298 2082 fuisse
1318 2055 1481 2087 explieatui·;
1503 2055 1536 2080 ct‘.

267 2101 373 2127 Heracl.
395 2109 418 2133 p.
440 2102 538 2132 04,12;
559 2103 600 2131 δῦ,
614 2102 662 2134 ist]

358 2146 379 2174 3)
399 2145 437 2170 De
452 2145 617 2171 Heracleone
631 2145 753 2177 gnostico
769 2154 819 2177 quo
834 2148 995 2178 argumento
1010 2145 1082 2170 nisus
1097 2143 1262 2177 cogitaverit
1276 2143 1414 2175 Hagenus,
1429 2142 1537 2175 assequi

267 2197 319 2214 non
339 2189 423 2221 potui.
