1697 2530
878 222 919 251 26

352 325 415 357 Sed
442 326 559 357 obiciat
587 326 743 365 quispiam
773 326 804 356 in
832 325 961 357 Cornuti
988 327 1164 366 theologiae
1193 327 1319 359 Stoicae
1348 327 1533 368 compendio

261 379 365 410 inesse
383 389 452 410 cum
471 378 551 409 alias
568 378 739 418 allegorias
756 388 825 409 cum
842 379 1030 410 Heracliteis
1048 382 1254 419 congruentes
1272 380 1315 421 (p.
1330 381 1431 420 33,12
1444 380 1534 420 Lang-

262 447 303 458 z
321 432 393 463 Her.
414 442 440 463 e.
459 432 514 471 263
540 442 567 472 p.
587 432 636 470 62,
656 433 695 463 16
713 446 753 457 Ξ
772 432 843 462 Her.
865 442 890 463 c.
909 433 964 471 353
989 443 1019 472 p.
1038 434 1089 471 34,
1107 434 1126 463 6
1144 447 1185 458 =
1202 433 1275 464 Her.
1296 434 1350 473 69;
1375 444 1403 474 p.
1421 434 1473 471 20,
1494 435 1532 464 15

263 500 303 511 z
320 485 394 515 Her.
413 495 439 515 c.
459 486 514 524 723
541 495 570 525 p.
589 485 637 524 74,
656 486 695 515 21
714 499 755 510 z
773 485 845 516 Her.
863 495 888 516 c.
907 486 968 523 74),
997 488 1060 515 tum
1089 495 1195 516 earum
1221 485 1298 516 duas
1323 486 1425 525 etiam,
1454 496 1533 525 quas

261 548 318 568 nos
346 537 408 578 ipsi
436 548 531 578 supra
559 538 605 568 illi
633 538 722 578 operi
751 538 1017 578 assignaverimus
1046 540 1086 578 (p.
1104 540 1155 579 26,
1174 539 1212 569 12
1235 553 1275 565 Ξ
1295 539 1367 570 Her.
1388 550 1413 570 c.
1431 541 1472 570 40
1491 554 1531 565 z

261 591 339 622 Plut.
357 601 382 622 c.
396 592 453 631 973
478 602 509 632 p.
525 592 576 630 27,
591 592 609 622 2
629 606 669 617 Ξ
688 591 760 622 Her.
775 602 798 622 c.
813 592 879 631 25).
913 591 1025 631 quodsi
1042 602 1118 623 vera
1135 592 1176 622 sit
1191 592 1337 623 Miinzelii
1355 592 1534 623 coniectura

261 644 326 675 fere
357 647 452 675 totum
478 644 702 675 Cornutianum
732 644 844 674 librum
870 644 1044 675 derivatum
1070 654 1139 676 esse
1164 655 1203 675 cx
1227 645 1429 686 Apollodoro,
1462 655 1533 676 con-

261 700 445 728 sentaneum
466 697 565 728 videri
583 697 697 736 omnia,
722 707 803 736 quac
821 698 996 728 communia
1012 699 1093 728 inter
1108 697 1300 728 Heraclitum
1319 700 1349 729 et
1365 697 1532 728 Cornutum

261 750 467 789 intercedant,
500 750 526 780 si
558 760 619 781 non
652 760 690 780 ex
722 751 790 790 ipso
824 750 1018 790 Apollodoro
1052 751 1165 782 hausta
1196 750 1267 789 sint,
1301 751 1417 782 artiore
1450 753 1533 781 certe

260 803 385 834 vinculo
419 813 486 833 cum
520 803 710 843 Apollodoro
745 803 923 834 cohaerere.
973 803 1051 839 huie,
1087 803 1139 843 qui
1171 803 1216 834 sic
1249 804 1463 842 ratiocinetur,
1500 807 1534 834 ut

260 855 479 897 respondeam,
511 865 572 886 non
604 866 729 896 possum
762 856 877 895 facere,
911 856 982 895 quin
1016 857 1125 896 paucis
1157 856 1195 887 de
1224 856 1322 887 libelli
1350 856 1532 887 Cornutiani

260 908 366 940 indole
391 909 562 939 absolvam.

349 962 450 1001 Atque
479 962 510 992 in
539 962 718 992 universum
751 961 876 1001 quidem
905 962 1006 993 nullus
1035 962 1150 1000 dubito,
1185 962 1258 1001 quin
1287 972 1393 993 verum
1421 962 1534 993 viderit

260 1015 432 1046 Miinzelius
464 1015 520 1045 illa
549 1015 741 1054 coniectura,
775 1015 832 1046 hoc
861 1018 980 1046 tantum
1009 1015 1206 1054 contendam,
1239 1015 1409 1056 separatim
1439 1015 1532 1046 collo-

261 1068 392 1099 candam
419 1078 488 1099 esse
514 1068 544 1098 in
569 1068 626 1099 hoe
652 1068 731 1098 libro
757 1071 787 1099 et
811 1078 830 1098 a
855 1068 967 1099 ceteris
988 1069 1145 1109 excerptis
1168 1069 1402 1107 seeernendam,
1428 1071 1533 1108 utpote

261 1121 301 1152 ad
325 1120 551 1161 Apollodorum
579 1121 657 1151 nihil
685 1121 903 1161 pertinentem,
937 1131 1004 1151 eam
1030 1121 1131 1161 ipsam
1156 1125 1286 1162 partem,
1318 1121 1349 1152 in
1375 1131 1436 1160 qua
1459 1121 1533 1152 illae

261 1174 340 1205 duae
365 1174 538 1214 allegoriae
564 1174 666 1204 insint.
707 1183 768 1213 qua
792 1174 916 1213 quidem
942 1174 971 1204 in
998 1177 1087 1214 parte
1112 1175 1255 1215 pauculis
1272 1174 1310 1205 de
1327 1174 1532 1205 barbararum

260 1228 397 1267 gentium
422 1227 535 1258 fabulis
560 1227 742 1267 praemissis
767 1229 808 1267 (p.
826 1228 876 1267 26,
896 1226 927 1267 7)
952 1227 1084 1268 primum
1102 1227 1299 1268 explicantur
1315 1227 1442 1258 fabulae
1459 1226 1532 1257 illae

261 1280 457 1319 Homericae,
485 1284 548 1310 tum
573 1280 759 1320 Theogonia
783 1279 951 1319 Hesiodea,
979 1280 1034 1311 sed
1062 1280 1133 1311 huic
1163 1280 1287 1319 quidem
1315 1280 1451 1311 nondum
1480 1280 1533 1310 ab·

261 1334 383 1365 solutae
409 1333 489 1363 adeo
514 1332 668 1373 abruptus
692 1332 761 1363 finis
778 1333 948 1373 imponitur
972 1336 1013 1373 (p.
1032 1335 1082 1371 31,
1103 1334 1165 1373 18),
1190 1336 1223 1364 ut
1240 1343 1301 1364 non
1319 1332 1446 1363 dubium
1464 1342 1532 1363 esse

260 1387 367 1427 possit,
392 1387 466 1426 quin
490 1396 570 1425 quac
593 1396 617 1417 c.
637 1387 720 1417 7-8
747 1397 774 1426 p.
793 1388 821 1424 6,
841 1387 966 1424 20-8,
986 1387 1024 1417 17
1049 1389 1214 1417 narrentur
1236 1386 1274 1416 de
1292 1386 1428 1417 Saturno
1445 1385 1534 1416 Rhea

259 1440 333 1470 love
350 1439 476 1470 Oceano
495 1449 562 1469 cum
580 1439 765 1479 praesertim
784 1439 893 1469 mirum
911 1442 1059 1479 quantum
1077 1449 1145 1470 cum
1159 1439 1264 1480 priore
1277 1439 1332 1469 illa
1344 1438 1532 1478 theogoniae

260 1492 519 1538 interpretatione
545 1496 728 1532 congruant,
754 1492 816 1523 siut
839 1493 878 1523 ab
905 1492 1043 1524 eiusdem
1062 1491 1329 1532 interpretationis
1345 1494 1435 1532 parte
1452 1501 1532 1522 nunc

261 1545 426 1585 deperdita
451 1546 561 1576 avulsa
585 1549 615 1576 et
640 1545 744 1576 alieno
770 1546 839 1575 loco
864 1545 1030 1576 inculcata.
1070 1555 1107 1576 ac
1132 1545 1268 1586 priorem
1293 1544 1418 1584 quidem
1440 1544 1533 1575 inter-

260 1598 446 1638 pretationis
475 1602 596 1638 partem
625 1599 735 1638 (c.17)
764 1608 821 1629 nec
847 1608 916 1629 cum
941 1599 996 1638 eis,
1026 1607 1107 1638 quae
1131 1598 1330 1639 praecedunt,
1356 1598 1533 1636 cohaerere,

260 1662 362 1690 neque
387 1651 427 1682 ad
452 1661 500 1690 ea,
526 1661 607 1690 quae
632 1654 812 1691 sequuntur,
836 1655 943 1692 aptum
967 1652 1131 1682 transitum
1151 1651 1268 1682 habere
1290 1661 1351 1681 non
1370 1653 1426 1689 est,
1452 1650 1533 1690 quod

261 1705 468 1735 demonstrem
481 1703 512 1744 1).
552 1705 653 1735 altera
676 1714 751 1735 vero
776 1714 850 1744 pars
875 1705 933 1736 etsi
959 1715 1027 1735 cum
1052 1704 1310 1736 antecedentibus
1327 1704 1532 1743 coniungitur.

260 1760 366 1788 tamen
395 1756 548 1788 eiusmodi
577 1757 655 1788 haec
683 1757 754 1798 ipsa
782 1761 830 1788 est
858 1757 1043 1796 coniunctio,
1071 1761 1104 1788 ut
1132 1757 1354 1788 dilucidissime
1383 1759 1533 1796 coarguat

260 1811 374 1841 malam
400 1810 635 1850 interpolatoris
660 1813 769 1841 artem.
809 1810 849 1841 ad
874 1810 1007 1841 eandem
1031 1810 1219 1849 theogoniae
1241 1809 1531 1850 interpretationem

260 1863 426 1894 referenda
453 1863 533 1894 duco
563 1873 601 1894 ea
630 1873 762 1903 quoque,
795 1874 876 1902 quae
905 1863 943 1894 de
972 1864 1135 1894 elementis
1163 1873 1182 1893 a
1210 1862 1344 1893 Saturno
1373 1862 1532 1901 generatis

261 1916 455 1947 disseruntur
479 1917 615 1947 c.3——5.
663 1926 851 1955 quamquam
884 1917 942 1947 hac
975 1916 1099 1955 quidem
1131 1916 1162 1946 iu
1194 1918 1282 1956 parte
1315 1915 1358 1945 ita
1390 1915 1470 1946 inter
1498 1925 1531 1946 se

260 1969 419 2000 commixti
447 1972 517 2000 sunt
545 1969 660 2000 diversi
689 1970 798 2011 tontes,
830 1973 862 2000 ut
890 1969 964 2009 quid
992 1969 1073 2007 huic,
1105 1968 1177 2007 quid
1206 1968 1251 1998 illi
1280 1967 1441 2007 debeatur,
1470 1978 1532 1998 non

352 2065 373 2096 ¹)
393 2064 515 2097 Dignum
535 2067 625 2090 tamen
646 2068 695 2096 est,
716 2065 784 2097 quod
805 2065 967 2091 attendatur
986 2064 1170 2090 antecedentis
1189 2063 1286 2096 capitis
1301 2063 1428 2089 extremis
1442 2063 1531 2090 verbis

260 2116 284 2141 p.
299 2108 380 2141 26,2:
410 2109 448 2139 τῷ
468 2108 518 2141 γὰρ
542 2108 610 2139 μόιγ,
633 2107 783 2132 πεἾοιθόῐι
804 2110 835 2140 τῇ
856 2109 906 2133 τοῦ
926 2108 1049 2140 σώματος
1069 2106 1187 2140 δυνάμει,
1206 2108 1254 2132 τοῦ
1274 2106 1298 2131 δὲ
1320 2106 1409 2140 λόγου,
1430 2107 1462 2133 ὃς
1482 2110 1531 2131 καὶ

262 2154 372 2182 τέχνης
395 2151 558 2184 ἐπήγαγεν
581 2153 625 2177 εἰς
650 2151 706 2175 τὸν
730 2155 817 2183 βίον,
837 2151 991 2184 ιῖμελοῖἰὝι,
1010 2150 1081 2176 :trinu
1101 2149 1135 2175 ἦν
1154 2161 1193 2177 τις
1212 2153 1313 2177 οἰκείως
1332 2152 1448 2175 &nemm-
1468 2150 1531 2175 ‘Scu-

258 2196 342 2227 μόνιε,
367 2197 461 2229 φθίσει
486 2206 512 2220 σε
538 2195 567 2220 τὸ
589 2195 637 2219 σὸν
656 2195 751 2227 ,niun-²,
776 2196 933 2229 praeparari
958 2196 1102 2222 transitum
1123 2196 1157 2221 ad
1177 2195 1239 2222 deos
1259 2195 1359 2221 artium
1380 2195 1532 2228 praestites,

260 2241 292 2266 de
311 2240 409 2273 quibus
428 2240 523 2274 agitur
542 2248 577 2266 ce.
601 2240 713 2267 lS—PO.
