1697 2530
784 176 817 206 ll

158 281 345 322 disputatur,
391 285 424 312 ut
467 281 638 312 secundumn
684 282 769 313 illam
815 282 1000 313 divisionem
1046 282 1176 323 primum
1221 292 1272 312 res
1312 282 1436 313 divinae

158 335 392 375 (1293—121),
417 338 480 365 tum
506 335 662 366 humanae
680 341 719 373 (c.
740 336 800 366 122
811 342 863 372 ss.)
888 338 1124 367 recenseantur:
1151 345 1176 366 c.
1197 336 1258 366 122
1284 334 1437 374 nominey

156 387 188 418 ὁὲ
219 387 291 429 ,ιερὶ
319 388 381 418 τῶν
410 390 509 418 θείων
540 388 655 419 πολλοὶ
686 388 739 418 καὶ
765 388 904 419 ποικίλοι
931 387 1019 428 λόγοι
1043 387 1132 429 παρά
1158 393 1225 425 τοῖς
1248 387 1438 429 φιλοσόφοις

161 440 215 478 mig
254 441 404 478 πλείστα,-
442 438 592 482 &pugneis
631 440 663 480 ἐξ
692 438 823 484 Ὁμήρου
859 442 1020 482 λαβοῦσιν,
1061 440 1144 472 οὕτω
1179 442 1232 472 καὶ
1268 441 1339 482 περὶ
1378 446 1438 472 τῶν

156 492 370 534 ἀνθρωπείων
404 495 611 535 πραγμάτιον,
646 490 688 526 ὧν
722 496 847 535 πρῶτον
875 495 949 536 περὶ
979 496 1031 537 ’τῆς
1061 498 1168 537 ψυχῆς
1197 494 1437 534 πειρασώμεθα.

157 548 246 587 sequi
278 547 401 579 videtur
429 548 558 580 moralis
590 548 791 590 philosophia
816 559 840 580 c.
868 550 930 580 133
962 548 1036 589 περὶ
1061 548 1087 579 δ’
1113 546 1226 590 cipe-155
1248 548 1299 578 καὶ
1325 550 1438 585 κακίας

160 606 263 643 ψυχῆς
295 599 328 643 ἣν
359 601 421 640 ἔχει
455 601 550 639 δόξαν
581 600 597 632 ὁ
630 601 770 643 ποιηιῄς,
807 600 838 632 ἒν
870 602 1004 638 πολλοῖς
1035 603 1220 643 aetolosque.
1269 602 1438 633 dialectica

156 655 282 686 omnino
316 655 521 686 desideratur.
568 655 632 686 noli
665 658 768 686 tamen
802 655 872 686 hinc.
906 655 1094 686 concludere
1127 665 1195 686 eam
1228 658 1350 695 partem
1382 666 1438 695 per

158 707 308 739 incuriam
334 708 573 748 socordiamque
599 709 793 749 excerptoris
818 709 987 740 excidisse:
1012 712 1079 740 tota
1105 709 1165 739 ista
1190 709 1355 749 dispositio
1374 713 1436 739 tam

158 761 266 801 inepta
297 765 354 801 est,
387 765 450 792 tam
483 772 544 792 11011
578 772 645 793 cum
677 762 744 803 ipso
770 766 955 802 argumento
981 763 1134 802 congruit,
1169 762 1314 793 utnulla
1338 763 1438 803 possit

157 824 227 845 esse
257 814 420 853 dubitatio,
450 815 522 855 quin
548 826 610 846 non
636 816 675 846 sit
699 816 874 855 antiquitus
899 816 1068 846 memoriae
1093 815 1212 846 tradita
1236 816 1291 847 sed
1314 826 1333 846 a
1355 826 1433 847 com-

158 867 292 908 pilatore
318 869 455 900 inventa.
495 868 592 908 quid‘?
623 869 745 899 ratione
771 869 826 900 tibi
852 874 882 900 et
907 869 1038 900 consilio
1063 879 1136 900 usus
1161 879 1231 900 0330
1256 869 1282 900 13
1303 869 1436 908 videtur,

158 921 208 960 qui
229 921 396 953 universae
413 922 635 963 philosophiae
653 922 866 953 definitionem
884 923 956 953 inde
974 933 993 953 a
1006 922 1182 963 Chrysippo
1200 923 1437 954 usitatissimam

157 974 208 1006 (cf.
233 974 341 1005 Arnim
366 975 530 1012 fr.35ss.1,
562 985 624 1015 qua
655 986 759 1006 rerum
792 976 966 1006 divinarum
999 975 1268 1015 humanarumque
1294 976 1439 1007 definitur

157 1027 300 1064 scientia,
326 1037 387 1058 0011
413 1028 520 1059 valere
544 1029 604 1059 nisi
630 1029 660 1059 in
681 1029 779 1060 solam
798 1034 921 1069 partem
938 1029 1103 1070 physicam
1121 1029 1276 1061 voluerit?
1309 1029 1437 1060 moralis

156 1089 231 1111 vero
246 1080 466 1121 philosophiae
483 1081 635 1113 definitio:
653 1081 711 1118 τάς
727 1082 800 1122 περὶ.
818 1082 853 1112 τὸ
872 1077 952 1124 ι’]ιθος
969 1080 1083 1122 ἀρετάς
1099 1083 1150 1112 καὶ
1169 1084 1282 1120 κακίας
1298 1082 1438 1123 (διαιρεῖν,

156 1143 259 1164 000110
288 1134 426 1165 absurda
454 1134 598 1175 adeoque
628 1135 758 1175 puerilis
787 1137 856 1166 cst?
896 1136 984 1175 quasi
1014 1146 1075 1167 uon
1101 1137 1180 1167 alias
1205 1137 1298 1167 etiam
1324 1137 1437 1167 multas

156 1196 206 1217 res
224 1188 352 1218 moralis
370 1187 573 1229 philosophia
585 1192 716 1229 praeter
733 1189 835 1219 locum
851 1190 889 1220 de
903 1190 1017 1220 virtute
1036 1192 1067 1220 et
1080 1190 1157 1221 vitio
1175 1189 1436 1230 comprehendat!

156 1240 230 1278 quin
271 1240 300 1271 111
341 1241 410 1281 ipso
451 1242 508 1272 hoc
549 1242 655 1273 libello
696 1243 897 1273 manifestum
938 1246 986 1274 est
1021 1243 1170 1274 moralem
1204 1243 1436 1284 philosophiam

155 1303 216 1324 non
237 1303 257 1324 a
281 1294 384 1335 capite
412 1296 473 1326 133
498 1295 622 1326 demum
647 1296 702 1326 sed
728 1296 873 1336 superius
899 1296 1060 1336 aliquanto
1086 1297 1253 1337 incepisse,
1283 1297 1437 1336 siquidem

156 1347 186 1377 in
204 1347 275 1388 ipsa
292 1348 396 1379 ethica
413 1352 587 1389 versantur,
607 1359 687 1389 quae
706 1360 731 1380 c.
749 1351 810 1381 132
829 1349 1025 1381 disseruntur
1049 1350 1087 1381 de
1105 1350 1270 1380 affectibus
1288 1350 1435 1381 honestis.

156 1404 228 1431 ame
254 1405 347 1442 caput
368 1403 428 1432 132
454 1406 568 1442 autem,
594 1403 674 1433 sicut
699 1413 796 1443 supra
821 1403 897 1441 dixi,
923 1408 993 1434 sunt
1011 1403 1166 1443 quaedam
1192 1413 1211 1434 a
1233 1403 1437 1443 compilatore

156 1454 282 1493 omissa,
308 1455 339 1485 iu
365 1455 477 1494 quibus
503 1455 623 1487 initium
649 1456 715 1487 0103
740 1457 839 1497 partis
868 1456 1024 1488 excidisse
1050 1456 1296 1488 concludendum
1322 1460 1378 1489 est.

247 1508 311 1538 lam
342 1508 480 1539 cuiusvis
510 1513 557 1540 est
584 1510 775 1550 perspicere,
805 1509 879 1549 quid
908 1511 1058 1541 evenerit.
1106 1510 1240 1541 vidimus
1272 1511 1303 1541 111
1337 1510 1438 1551 prima

156 1561 280 1600 quidem
306 1565 336 1592 01
360 1561 391 1592 in
412 1563 507 1593 tertia
528 1566 618 1603 parte
636 1563 872 1604 compilatorem
890 1564 922 1594 in
940 1564 1098 1604 excerptis
1116 1564 1321 1605 disponendis
1338 1574 1436 1603 usquc

156 1624 193 1644 eo
218 1614 357 1645 libidinis
380 1615 584 1656 processisse,
611 1621 643 1647 ut
667 1626 706 1647 ne
731 1627 883 1657 perquam
909 1617 1034 1657 longam
1060 1617 1185 1657 quidem
1211 1617 1436 1658 disputationis

156 1671 277 1708 partem
307 1668 376 1699 loco
404 1679 461 1700 suo
490 1679 617 1700 movere
647 1673 678 1700 et
702 1670 806 1701 alieno
831 1671 923 1709 quasi
947 1671 1037 1701 titulo
1063 1670 1236 1702 inscribere
1260 1674 1436 1702 vereretur:

156 1721 237 1752 idem
268 1721 340 1761 quin
370 1722 401 1752 in
430 1722 530 1753 altera
554 1733 679 1763 quoque
704 1727 794 1763 parte
820 1724 995 1764 perturbati
1021 1723 1139 1755 ordinis
1164 1724 1204 1755 sit
1228 1728 1347 1763 auctor,
1375 1734 1437 1755 non

156 1774 218 1804 iam
251 1779 299 1806 est
331 1775 416 1815 quod
448 1776 637 1807 dubitemus.
685 1786 765 1816 quae
799 1786 869 1807 cum
902 1777 946 1808 ita
978 1777 1048 1817 sint,
1082 1787 1122 1808 ne
1154 1778 1280 1808 tertium
1313 1777 1435 1816 quidem

156 1827 326 1860 Schraderi
359 1833 577 1869 argumentum
612 1840 779 1871 possumus
812 1830 957 1861 idoneum
990 1830 1141 1869 iudicare,
1176 1841 1235 1870 quo
1269 1831 1437 1862 conflatam

155 1880 241 1912 illam
266 1886 388 1922 partem
415 1893 431 1914 e
456 1883 587 1914 duorum
610 1894 739 1924 operum
758 1884 871 1924 pannis
890 1894 959 1915 0330
979 1884 1193 1915 concludatur.
1232 1894 1293 1915 non
1312 1883 1436 1924 quidem

155 1944 307 1974 negamus
344 1935 430 1966 illum
468 1936 588 1976 librum,
627 1936 710 1968 unde
746 1938 824 1968 haec
861 1941 1013 1978 excerpta
1049 1938 1119 1977 sint,
1156 1938 1253 1969 videri
1292 1947 1329 1968 ex
1367 1938 1437 1968 aliis

156 1988 297 2019 vicissim
341 1989 478 2020 fontibus
517 1990 658 2030 fluxisse,
710 1991 765 2021 scd
816 1990 901 2030 quod
942 1991 993 2022 vel
1037 1991 1069 2022 in
1113 1991 1243 2031 integris
1289 1991 1437 2032 operibus

155 2041 338 2082 plerumque
369 2042 585 2074 difficillimum
614 2048 670 2083 est,
706 2047 739 2075 111
767 2054 783 2075 0
813 2044 1053 2085 compositionis
1083 2045 1221 2075 minutiis
1254 2044 1292 2075 dc
1324 2048 1437 2075 natura

155 2105 346 2135 numeroque
371 2096 502 2127 fontium
528 2097 740 2128 coniecturam
764 2097 988 2138 periclitemur,
1014 2098 1072 2129 hoe
1089 2108 1241 2138 negamus
1259 2107 1353 2138 posse
1371 2097 1437 2128 fieri

157 2157 226 2178 cum
256 2148 319 2180 ullo
347 2150 447 2181 fructu
477 2150 507 2181 in
537 2151 694 2192 excerptis
723 2154 784 2182 tam
816 2151 960 2190 exilibus,
988 2155 1053 2182 tam
1082 2151 1164 2183 male
1189 2151 1316 2189 habitis,
1345 2161 1437 2191 quam

155 2204 226 2231 sunt
250 2202 411 2234 Plutarchi
435 2204 605 2244 personati.
