1697 2530
733 182 773 211 75

110 287 221 323 ποιίας
246 296 325 327 opus
350 285 540 317 destinasse.
581 296 688 317 verum
716 289 820 317 tamen
848 297 887 318 ne
912 287 992 318 hanc
1018 286 1145 327 quidem
1175 287 1388 318 coniecturam

109 349 217 371 veram
242 348 312 370 esse
330 338 485 370 Maassius
510 343 622 371 auctor
645 342 693 370 est
718 340 749 370 in
776 340 901 371 Arateis
925 350 953 380 p.
974 341 1050 379 1693
1076 340 1120 371 sic
1143 340 1226 371 enim
1243 339 1387 379 affirmat,

109 396 235 434 praeter
266 392 393 432 globum
427 392 685 433 decempedalcm
718 393 845 433 planam
879 396 981 424 terrae
1013 393 1154 424 tabulam
1189 392 1388 433 designatam

109 445 276 485 reliquisse
301 444 462 476 Cratetem
494 448 574 477 teste
599 446 812 485 Agathemero
842 446 957 485 Geogr.
986 457 1033 486 gr.
1063 446 1136 477 min.
1162 447 1192 477 II
1215 457 1244 487 p.
1269 447 1330 478 471
1358 450 1390 478 et

109 498 206 530 schol.
231 498 262 529 in
286 499 417 539 Dionys.
440 499 562 538 Perieg.
585 499 700 538 Geogr.
725 509 769 539 gr.
794 499 868 530 min.
895 499 923 529 ΙΙ
948 509 976 539 p.
994 500 1068 530 428.
1116 510 1209 539 quam
1235 499 1386 539 tabulam,

110 554 144 582 ut
181 554 267 583 recte
309 552 526 583 observaverit
561 552 792 583 Mlillenholfius
832 552 1005 589 (Deutsche
1041 552 1322 584 Altertumskunde
1353 553 1389 583 1²

108 615 139 646 p.
163 606 250 645 254),
287 605 327 636 ad
361 605 488 636 Homeri
521 605 750 646 geographiam
783 605 1003 636 illustrandam
1040 605 1244 646 pertinuisse3
1282 606 1387 646 itaque

108 658 219 689 eodem
244 657 443 689 referendam
469 667 539 689 esse
564 658 659 689 etlam
685 659 917 698 σφαιροποιίαν
942 658 1028 688 illam
1054 658 1085 688 in
1110 668 1234 699 papyro
1252 668 1388 689 comme-

106 716 269 742 moratam.
317 711 451 742 similem
483 711 671 742 sententiam
704 710 832 752 protulit
865 711 1072 751 Gomperzius
1101 711 1293 750 (‘Philode1n
1325 712 1388 742 und

107 763 158 795 die
183 764 395 796 {isthetischen
414 764 572 796 Schriften
597 764 653 795 der
670 764 988 796 herculanensischen
1010 764 1202 795 Bibliothek'
1228 764 1387 804 Sitzungs-

105 817 228 848 hericht
251 816 308 848 der
331 817 459 848 Wiener
484 817 543 848 Ak.
570 817 598 848 d.
617 817 708 848 Wiss.
738 818 817 848 1891
845 828 876 858 p.
894 818 1019 857 52sq.):
1048 817 1216 855 „Gemeint
1239 817 1280 849 ist
1305 817 1386 849 ohne

105 870 233 901 Zweifel
258 871 326 901 sein
352 870 669 902 Homerkommentar
694 871 802 912 (quem
827 874 934 902 tamen
959 881 1022 902 non
1047 871 1205 902 exstitisse
1229 875 1315 902 recte
1332 872 1386 902 ob-

105 923 244 954 servavit
268 924 447 962 Maassiusl,
471 924 502 954 in
527 924 680 955 welchem
706 934 739 955 er
763 934 800 954 zu
817 923 936 955 Stellen
961 924 1021 955 wie
1039 936 1059 954 cc
1077 926 1192 964 23sqq.
1217 924 1268 955 die
1286 924 1387 956 Lehre

106 987 165 1008 von
191 976 247 1008 der
265 977 486 1017 Kngelgestalt
510 977 566 1008 dcr
591 977 673 1008 Erde
699 977 770 1008 dem
789 977 920 1008 Dichter
944 977 1140 1017 aufdrangen
1165 977 1279 1008 wollte.
1315 977 1385 1017 vgl.

107 1030 257 1061 Geminus
282 1041 313 1071 p.
332 1032 460 1062 66—67
488 1030 527 1061 ed
554 1030 670 1061 Halma
694 1032 748 1070 (z
767 1041 796 1071 p.
816 1031 888 1069 174,
904 1032 941 1062 21
970 1030 1147 1067 Manitiusl:
1179 1029 1308 1072 Κράτης
1331 1031 1388 1070 μὲν

105 1077 160 1113 οὖν
194 1083 462 1124 παραδοξολογιῦν
500 1083 536 1114 τὰ
575 1081 625 1123 ὑφ’
657 1082 783 1125 Ὁμήρου
816 1081 975 1124 ἀρχαϊκῶς
1009 1083 1061 1114 καὶ
1099 1083 1206 1121 ι’ὄικιῦς
1241 1083 1387 1126 εἰρημένα

104 1135 232 1176 μετάγει
256 1136 338 1177 πρὸς
362 1136 419 1178 τήν
443 1134 511 1167 κατ’
536 1134 696 1178 ἀλήθειαν
720 1139 1003 1177 σφαιροποιίαν
1021 1160 1026 1166 .
1047 1162 1053 1168 .
1073 1161 1080 1168 .
1106 1136 1184 1178 αὕτη
1208 1136 1241 1168 δὲ
1265 1135 1283 1179 ἦ
1309 1137 1387 1178 πρύ-

105 1194 205 1231 ΛηΨις
236 1193 274 1231 τῇ
298 1189 355 1229 μὲν
383 1192 571 1230 προκειμένῃ
595 1188 738 1228 διατάξει
762 1187 946 1226 ἀκόλουθός
969 1188 1045 1224 ἕσῐι,
1071 1191 1124 1231 τῆς
1141 1190 1175 1220 δὲ
1192 1190 1273 1221 κατὰ
1291 1190 1387 1231 φύσιν

106 1245 338 1283 σφαιροποιίας
374 1241 554 1282 ἀλλοτρία.”
607 1243 667 1273 hae
708 1242 835 1282 quidem
871 1246 942 1274 sunt
977 1243 1114 1274 virorum
1148 1244 1312 1274 doctorum
1347 1244 1386 1275 de

105 1296 163 1327 hoc
188 1296 258 1327 loco
284 1296 494 1328 coniecturae.
543 1296 606 1327 iam
632 1298 665 1327 ut
689 1296 751 1337 ipsi
776 1295 850 1335 quid
875 1296 1050 1327 sentiamus
1084 1297 1279 1336 eloquamur,
1311 1301 1384 1328 ante

103 1349 210 1380 omnia
234 1349 316 1380 duae
342 1350 431 1380 nobis
455 1359 506 1380 res
530 1350 676 1381 videntur
700 1359 770 1380 esse
794 1349 962 1387 tenendae,
987 1350 1121 1390 primum
1146 1360 1209 1380 non
1227 1350 1384 1381 Cratetem

103 1402 159 1434 sed
184 1402 354 1434 Homerum
380 1403 482 1443 ipsum
506 1402 589 1434 tradi
614 1402 793 1443 explicasse
824 1402 862 1433 τὰ
888 1403 962 1443 περὶ
987 1404 1039 1444 τῆς
1063 1405 1301 1444 σφαιροποιίας,
1333 1404 1385 1435 de·

103 1455 176 1486 iude
209 1456 262 1496 agi
294 1455 332 1487 de
370 1456 492 1487 ratione
529 1456 712 1496 allegorica,
749 1456 966 1496 geographica
997 1466 1071 1488 vero
1104 1456 1240 1488 Cratetis
1271 1457 1385 1497 studia,

103 1509 178 1540 licet
210 1514 395 1550 portentosa
423 1509 515 1540 nobis
546 1509 721 1548 videantur7
758 1509 939 1549 allegoricis
970 1514 1077 1541 tamen
1107 1510 1385 1551 explanationibus

102 1571 303 1601 nequaqnam
328 1572 397 1593 esse
422 1562 570 1602 insignia.
616 1561 664 1593 his
688 1563 894 1602 praemonitis
919 1562 1099 1602 videndum,
1125 1573 1207 1603 quae
1232 1564 1273 1595 sit
1297 1564 1384 1596 vocis

103 1617 316 1655 σφαιροποιία
355 1615 402 1646 vis
431 1625 468 1647 ac
507 1615 705 1655 significatio.
760 1625 796 1646 ac
831 1616 1014 1647 notissimus
1046 1616 1173 1656 quidem
1205 1621 1252 1648 est
1277 1618 1385 1649 Archi-

103 1668 204 1699 medis
226 1668 298 1709 περὶ
316 1670 550 1710 σφαιροποιίιις
571 1669 660 1708 liber,
687 1669 726 1700 de
743 1679 804 1708 quo
822 1668 944 1710 Carpus
962 1670 1046 1710 apud
1063 1670 1208 1711 Pappum
1234 1671 1307 1701 VIII
1320 1673 1383 1702 306

103 1721 156 1762 (cf.
187 1721 328 1762 Heiberg
358 1722 486 1759 Quaest.
511 1722 741 1753 Archimedeae
778 1723 861 1754 1819
887 1734 915 1763 p.
941 1724 1012 1762 33):
1045 1720 1061 1753 ὁ
1087 1722 1225 1764 Κάρπος
1258 1723 1293 1754 δέ
1320 1723 1385 1755 πού

102 1785 199 1817 φησιν
222 1773 239 1805 ὁ
260 1773 433 1814 Ἀντιοχεῖς
454 1773 642 1817 Ἀρχιμήδην
666 1775 721 1806 τὸν
746 1775 938 1816 Συρακόσιον
961 1776 993 1806 ἓν
1016 1775 1112 1815 μόνον
1137 1777 1261 1816 βιβλίον
1281 1787 1384 1808 συντε-

101 1830 218 1867 ταχένα
233 1828 415 1870 μηχανικόν,
436 1828 472 1859 τὸ
489 1829 570 1859 κατὰ
587 1829 642 1871 τὴν
664 1831 902 1870 σφαιροποιίαν.
942 1830 1043 1861 Procl.
1061 1830 1092 1860 in
1110 1830 1197 1861 Euel.
1214 1841 1244 1871 p.
1263 1832 1382 1870 41,16:

101 1878 119 1922 ἡ
152 1884 364 1922 σφαιροποιία
395 1882 489 1913 nate?
524 1884 684 1924 μίμησιν
715 1883 777 1912 τῶν
810 1880 964 1923 οὖρανίων
996 1886 1188 1924 περιφορῶν,
1225 1882 1296 1914 οἵαν
1331 1884 1383 1914 καὶ.

102 1931 283 1977 Ἀρχιμήδη,-
307 1933 603 1977 gaqumanai-(raro.
648 1936 726 1974 ⁷,hoc
744 1936 839 1976 igitur
856 1936 936 1967 libro
955 1940 1155 1977 exposuerat,
1182 1947 1244 1976 qua
1260 1937 1383 1968 ratione

101 1988 270 2029 sphaeram
295 1988 380 2020 illam
406 1990 604 2030 praeclaram
622 1990 807 2020 struxisset“
827 1989 1003 2030 (Heiherg).
1050 1990 1161 2021 eadem
1195 1990 1382 2030 significatio

100 2041 196 2073 etiam
227 2042 308 2073 alias
340 2042 506 2081 invenitur,
540 2053 566 2074 e.
591 2053 620 2083 g.
652 2043 738 2083 apud
762 2042 924 2074 Theonem
956 2042 995 2074 de
1024 2043 1175 2083 astrolog.
1207 2054 1238 2084 p.
1264 2045 1381 2084 146‚5;

102 2095 206 2134 151‚5
236 2095 344 2127 Hiller.
390 2096 453 2127 alio
486 2106 581 2127 sensu
608 2106 762 2137 usurpare
794 2096 853 2127 hoc
881 2097 1069 2128 vocabulum
1100 2097 1183 2128 solet
1214 2097 1381 2137 Geminus3

99 2148 137 2179 cf.
168 2159 198 2188 p.
225 2149 331 2187 172‚3
355 2149 453 2181 Man.:
483 2147 550 2180 ἀλλ’
579 2147 628 2180 ὅτι
655 2148 755 2180 ἕνεκεν
786 2150 840 2191 τῆς
866 2148 942 2191 ὅλης
974 2152 1206 2191 σφαιροποιίας
1236 2150 1290 2180 καὶ
1325 2153 1382 2181 τοῦ

99 2200 264 2243 σχήματος
287 2206 342 2244 τῆς
365 2205 420 2244 γῆς
442 2202 496 2233 καὶ
519 2207 577 2244 τῆς
600 2202 746 2244 παρόδου
770 2205 826 2233 τοῦ
851 2201 948 2245 ἡλίου.
997 2214 1026 2244 p.
1045 2204 1118 2244 146,
1133 2205 1151 2235 2
1183 2202 1242 2245 ἤδη
1273 2203 1382 2243 μέντοι
