1697 2530
911 174 951 205 68

295 277 407 309 Philol.
443 275 551 316 Suppl.
584 276 599 306 Ι
636 286 665 316 p.
692 275 768 315 271)
806 276 1017 316 coniungeret.
1068 277 1132 308 noli
1165 276 1261 317 igitur
1291 280 1402 318 putare
1435 279 1567 317 propter

295 330 393 362 verba
415 327 477 360 εἰσὶ
505 328 538 358 δὲ
565 327 598 358 οἵ
623 337 703 368 φασι
736 338 849 360 novam
885 329 989 360 induci
1024 330 1222 369 sententiam,
1258 330 1352 361 immo
1385 330 1490 361 omnia
1524 329 1566 360 ad

295 383 429 414 eundem
453 380 587 413 redeunt
611 384 778 420 auctorem,
812 381 864 421 qui
888 385 922 412 ut
945 381 1016 422 ipsa
1043 382 1300 423 philosophorum
1333 393 1404 414 cum
1428 382 1565 413 Homero

296 434 490 476 comparatio
516 434 617 473 docet,
642 443 734 465 nemo
759 437 863 475 potest
887 435 966 465 alius
991 444 1061 466 esse
1085 435 1145 466 nisi
1170 435 1289 466 Crates.
1335 435 1447 466 Crates
1470 435 1566 475 igitur

296 488 487 520 ambrosiam
512 487 682 527 allegorice
706 486 882 526 significare
907 487 1003 518 voluit
1027 487 1294 528 evaporationem,
1324 497 1385 527 qua
1409 490 1440 519 et
1463 488 1511 519 sol
1535 490 1568 519 et

297 545 403 573 cetera
437 540 544 572 sidera
577 543 789 581 pascerentur.
835 539 933 580 quid?
980 544 1124 581 potestne
1160 550 1234 571 casu
1265 540 1382 571 factum
1417 550 1498 581 esse,
1533 544 1567 571 ut

297 594 457 626 simillima
480 593 670 624 adhibeatur
693 593 875 633 explanatio
900 593 985 634 apud
1011 594 1111 624 Demo
1136 604 1164 633 p.
1184 594 1255 632 159,
1271 594 1359 624 ZOSS.
1384 593 1470 625 Eust.
1493 591 1510 624 ὁ
1534 592 1567 624 δὲ

298 649 439 683 τοιοῦτος
455 645 633 687 ’Ἡφαιστος
656 645 709 675 καὶ
727 644 966 686 κιπελλοφόρος
989 647 1107 686 γίνεται
1129 648 1168 686 τῇ
1186 643 1269 687 “Hpq
1291 645 1355 676 κτλ.
1374 646 1426 683 (cf.
1444 656 1472 686 p.
1491 645 1568 685 39)‘?

296 704 384 732 tanta
408 702 492 731 certe
510 702 557 730 est
573 698 756 738 similitudo,
782 702 815 729 ut
832 699 956 730 etiamsi
973 699 1117 730 dubitare
1141 699 1252 739 possis,
1277 709 1351 729 num
1368 699 1448 730 hunc
1464 698 1567 740 ipsum

296 754 398 785 locum
422 753 504 784 buno
529 752 559 782 in
577 752 701 783 modum
719 751 829 783 Crates
851 752 1066 793 explicaverit,
1090 752 1245 783 rationem
1262 755 1367 783 tamen
1388 751 1566 792 explicandi

297 806 474 837 Crateteam
500 815 569 836 esse
594 815 654 836 uon
679 805 722 836 sis
750 808 931 845 negaturus.

385 859 466 889 Illud
491 868 615 898 quoque
640 867 792 898 perquam
822 858 897 888 mihi
929 867 1026 897 grave
1057 857 1188 897 videtur,
1222 858 1304 898 quod
1336 861 1369 889 ut
1393 857 1568 889 Democriti

297 912 484 944 auctoritate
509 911 618 942 Crates
643 911 760 950 nititur,
786 921 848 950 qua
872 910 1005 941 edoceat
1028 911 1157 942 humore
1182 911 1287 942 sidera
1311 911 1433 950 nutriri,
1458 911 1503 941 ita
1527 910 1568 942 ad

297 965 430 996 eandem
454 974 519 995 rem
544 963 741 1004 probandam
767 964 861 994 etiam
886 964 986 994 Demo
1018 967 1141 995 veteres
1165 964 1367 1005 philosophos
1396 963 1435 994 ad
1460 967 1568 1004 partes

296 1022 389 1049 vocat
412 1018 444 1048 in
468 1027 594 1058 pugnae
620 1017 749 1048 deorum
781 1016 1040 1057 interpretatione
1072 1028 1100 1057 p.
1120 1018 1213 1056 1196,
1229 1018 1270 1048 50
1295 1019 1339 1057 (Υ
1361 1017 1432 1056 67):
1466 1017 1570 1053 καλῶς

297 1071 356 1112 γάρ
380 1068 419 1101 (ἲν
435 1069 557 1101 aldono
573 1067 590 1100 ὁ
614 1067 771 1100 Ἀπόλλων
796 1068 879 1111 ἥλιος
902 1069 957 1099 τὸν
973 1069 1162 1105 Ποσειδῶνα,
1187 1069 1218 1100 εἴ
1239 1081 1273 1110 γε
1289 1068 1370 1100 κατά
1397 1080 1484 1106 τινας
1507 1070 1569 1100 τῶν

296 1123 398 1165 λήρων
421 1125 587 1164 φυσικῶν
610 1127 769 1163 τροφεῖα
793 1122 838 1163 τῷ
861 1121 1033 1153 Ποσειδῶνι
1057 1120 1185 1163 ὀφείλει,
1219 1121 1262 1159 ὥς
1284 1120 1318 1153 ἐκ
1341 1126 1399 1164 τῆς
1422 1121 1569 1152 κάτωθεν

296 1175 567 1217 ἆναπεμπομὲνης
592 1174 762 1216 ὑγρότητος
786 1175 837 1205 καὶ
862 1173 958 1211 αὐτὸς
982 1175 1069 1205 καθά
1094 1175 1147 1206 καὶ
1171 1174 1199 1206 οἱ
1223 1174 1333 1206 λοιποὶ
1351 1175 1413 1205 τῶν
1428 1172 1568 1216 ἀστέρων

297 1241 383 1270 rpoq
399 1229 435 1271 ὴν
459 1228 555 1259 ἕλκων
579 1229 631 1259 καὶ
654 1226 737 1259 οὕτω
760 1227 992 1267 συνισῐάμευος.

386 1281 478 1313 Aliud
503 1292 609 1312 rursus
639 1281 837 1321 cognationis
861 1281 1019 1312 vinculum
1044 1281 1102 1312 hoc
1127 1281 1201 1312 mihi
1226 1291 1295 1312 esse
1319 1281 1450 1321 videtur,
1485 1281 1568 1321 quod

296 1335 448 1377 persimili
466 1335 589 1366 ratione
606 1338 700 1374 atque
718 1334 748 1365 in
763 1334 897 1365 Cratetis
914 1334 1035 1374 ecloga,
1054 1344 1147 1374 quam
1163 1334 1209 1365 illi
1225 1335 1397 1366 vindicavit
1412 1334 1567 1365 Maassius

296 1389 327 1420 in
359 1388 485 1419 Arateis
518 1399 548 1429 p.
582 1389 653 1426 173,
691 1387 776 1428 apud
806 1388 906 1418 Demo
938 1397 1061 1427 quoque
1098 1388 1276 1419 notationes
1308 1387 1390 1418 Iovis
1423 1387 1567 1427 singulae

297 1444 518 1472 enumerantur
553 1441 583 1471 in
619 1441 795 1479 fragmento
832 1450 928 1480 supra
960 1441 1063 1480 posito
1093 1451 1122 1481 p.
1147 1440 1227 1479 53¹).
1282 1450 1363 1480 quae
1396 1439 1567 1471 similitudo

297 1494 391 1538 eliam
425 1493 552 1533 gravior
584 1497 676 1529 esset,
709 1493 736 1524 si
760 1492 895 1524 Phaedri
920 1503 1044 1532 quoque
1077 1493 1217 1524 Platonis
1246 1493 1342 1532 locus,
1375 1493 1426 1533 qui
1450 1493 1481 1524 in
1513 1493 1568 1524 illa

298 1547 451 1586 allegoria
483 1556 583 1586 aeque
615 1549 708 1585 atque
733 1546 764 1576 in
793 1546 912 1577 scholio
937 1556 1035 1587 supra
1059 1547 1206 1587 apposito
1231 1547 1407 1586 adhibetur,
1440 1546 1502 1576 iam
1526 1546 1566 1576 ab

296 1600 366 1641 ipsa
384 1600 485 1630 Demo
503 1602 764 1630 commemoratus
781 1602 865 1630 esset
881 1609 982 1639 neque
1000 1599 1039 1630 ab
1056 1599 1220 1630 Eustathio
1238 1599 1361 1630 demum
1385 1599 1566 1630 inculcatus.

297 1653 354 1684 sed
380 1653 437 1684 hoc
463 1652 589 1692 quidem
615 1651 823 1683 demonstrari
854 1653 970 1691 nequit.
1017 1657 1127 1683 eontra
1159 1652 1265 1683 nescio
1297 1662 1337 1683 an
1366 1652 1440 1691 quid
1473 1652 1568 1683 liceat

298 1705 371 1737 inde
400 1706 535 1745 efficere,
560 1705 645 1745 quod
669 1706 751 1736 idem
776 1706 828 1736 ille
851 1706 986 1736 Phaedri
1012 1705 1099 1737 locus
1123 1716 1192 1736 cum
1218 1705 1347 1736 Homeri
1374 1705 1567 1744 Hesiodique

298 1793 418 1819 Vorsokr
441 1801 464 1825 p.
477 1793 509 1818 19
524 1804 555 1814 =
570 1793 631 1818 Aet.
646 1792 675 1818 II
693 1793 731 1824 14,
743 1794 770 1818 3;
790 1792 954 1824 Ἀναξιμένης
974 1791 1045 1824 ἥλων
1064 1791 1139 1823 δίκην
1152 1795 1417 1826 καταπεπηγέναι
1436 1791 1468 1816 τὰ
1481 1790 1567 1825 ἄστρα

296 1838 335 1867 τῷ
354 1836 587 1871 κρυσταλλοειδειι,
606 1845 665 1864 cum
685 1841 775 1863 tamen
795 1846 828 1864 ne
847 1839 928 1863 verbo
949 1838 1054 1870 quidem
1069 1838 1226 1863 Athenaeus
1245 1837 1325 1863 huius
1344 1836 1439 1870 placiti
1453 1837 1567 1862 mentio-

297 1889 355 1907 nem
377 1881 468 1906 t'aciat.
500 1881 570 1914 quod
590 1881 612 1907 si
632 1881 672 1907 ita
691 1881 826 1914 explicare
845 1882 919 1912 velis,
940 1886 972 1907 ut
991 1881 1044 1907 iarn
1063 1884 1128 1908 ante
1142 1881 1326 1913 Asclepiadem
1347 1880 1462 1907 conicias
1474 1880 1567 1912 fuisse,

297 1924 342 1957 qui
355 1924 501 1953 imaginem
516 1926 565 1951 hoc
579 1926 702 1958 poculum
717 1926 802 1951 totius
815 1926 907 1952 mundi
925 1926 1065 1952 crederent
1083 1926 1163 1958 (quod
1183 1926 1334 1958 suspicatus
1353 1924 1435 1951 etiam
1450 1924 1568 1950 Cohnius

297 1976 354 1994 esse
373 1968 501 2001 videtur).
526 1977 578 1995 non
603 1969 719 1995 fortasse
739 1978 754 1995 a
774 1977 837 1996 vero
858 1970 1004 1996 aberrabis.
1025 1973 1143 1995 ceterum
1163 1969 1196 1995 ef.
1217 1977 1285 2001 quae
1303 1969 1336 1995 de
1355 1966 1437 1993 κόνδυ
1457 1968 1566 1995 Persico

297 2012 407 2038 disserit,
426 2012 588 2046 Hermippus
608 2014 647 2046 (F.
662 2015 695 2040 H.
710 2014 742 2040 G.
755 2015 799 2040 ΙΙΙ
819 2022 843 2047 p.
864 2015 907 2047 54)
928 2014 998 2047 apud
1018 2014 1118 2040 Athen.
1139 2013 1177 2039 XI
1198 2021 1222 2046 p.
1236 2014 1287 2040 47⁸
1300 2014 1332 2039 A.

388 2057 407 2089 ¹)
429 2056 549 2083 Similem
574 2057 601 2083 in
626 2059 731 2083 modum
751 2058 823 2084 Iovis
848 2058 1015 2090 aliorumque
1034 2058 1142 2084 deorum
1162 2057 1254 2083 variae
1274 2057 1485 2091 significationes
1503 2065 1567 2084 enu-

297 2103 436 2127 merantur
455 2101 488 2126 ab
510 2101 628 2127 Iohanne
641 2101 763 2128 Diacono
782 2110 806 2134 p.
822 2102 872 2128 364
892 2102 986 2132 Flacb;
1011 2110 1027 2127 a
1046 2101 1146 2127 Tzetze
1165 2110 1257 2127 comm.
1278 2102 1305 2127 in
1325 2102 1387 2128 Hes.
1406 2102 1470 2136 ἔργα
1489 2109 1514 2135 p.
1533 2102 1566 2128 35

297 2144 391 2175 Gaisf.,
406 2144 493 2176 Alleg.
509 2144 586 2170 Iliad.
601 2153 624 2177 p.
640 2145 690 2171 3Yo
706 2145 798 2175 Boiss..
813 2146 898 2178 Exeg.
914 2145 991 2171 Iliad.
1006 2153 1031 2178 p.
1045 2146 1079 2172 ‘28
1090 2154 1109 2171 s.
1131 2146 1245 2176 Bekker,
1266 2146 1376 2172 Cramer
1387 2146 1437 2172 An.
1449 2145 1510 2172 Par.
1522 2146 1567 2171 III

296 2196 321 2221 p.
338 2188 394 2220 114,
415 2188 443 2214 in
462 2189 579 2215 Tzetzae
598 2189 738 2222 allegoriis
758 2189 948 2222 mythologicis
967 2197 982 2215 a
1002 2189 1114 2215 Morello
1133 2189 1214 2215 editis
1233 2189 1373 2222 (Lutetiae
1394 2189 1484 2222 1616).
