1697 2530
873 207 913 237 24

257 311 418 353 indagato,
439 312 522 343 unde
545 311 613 343 eius
635 311 778 342 doctrina
799 311 839 342 ad
856 312 1049 343 Heraclitum
1065 311 1240 344 ’manassen
1277 313 1425 353 scriptum
1447 313 1529 344 enim

259 365 387 396 videbat
410 365 441 396 in
474 365 650 405 fragmento
674 363 887 405 Apollodoreo
912 364 961 396 Cr.
986 365 1022 396 A.
1045 366 1080 396 P.
1104 365 1149 396 III
1173 376 1203 406 p.
1224 367 1284 397 112
1318 365 1414 405 (quod
1446 365 1530 396 felici

260 419 439 449 coniectura
456 418 524 459 ipse
541 417 755 458 recuperavit)
772 417 852 448 hunc
869 417 900 448 in
917 418 1056 448 niodum:
1075 415 1283 459 ἀργυρότοξος
1296 420 1348 457 (sc.
1360 416 1528 458 Ἀπόλλων)

259 471 311 502 (1ιᾶ
342 471 378 502 τὸ
406 471 469 501 τῶν
492 468 627 501 ἀκτίνων
657 469 793 511 φαιδρὸν
816 470 868 500 καὶ
901 471 1099 511 λενκοφανές,
1131 468 1165 509 ἐξ
1197 465 1234 501 οὗ
1266 471 1319 501 καὶ
1350 470 1489 502 διδάσκει
1513 468 1530 501 ὁ

252 523 384 565 Ὅμηρος
407 523 448 566 μή
473 536 501 554 τι
528 520 610 559 εἶδος
633 520 713 554 εἶναι
737 522 773 554 τὸ
798 521 927 564 ἡλιακιῖν
954 526 1022 564 (μῦς
1046 522 1064 564 ἢ
1088 523 1205 559 λευκόν,
1236 521 1295 554 κᾶν
1325 523 1355 554 εἴ
1377 524 1529 565 (Miinzelz

259 579 324 617 καί)
348 588 429 614 τινες
450 576 567 618 μύδρον
600 579 887 617 πεπυρακτωμένον
918 575 1039 618 ἔφησαν
1065 575 1127 607 εἴτε
1158 575 1237 606 ἄλλο
1260 588 1301 607 τι.
1349 577 1529 617 conspirare

261 631 337 661 haec
367 630 496 661 videbat
528 640 595 661 cum
620 630 681 660 Vit.
707 630 796 661 Hom.
821 640 845 660 c.
866 631 943 661 105:
976 628 1007 667 ἐξ
1038 624 1080 660 ιῖν
1111 628 1198 671 δηλοῖ
1227 628 1391 671 (Ὅμηρος),
1423 627 1470 660 ὅτι
1496 627 1532 660 οἰ·

259 686 322 723 πῦρ
353 681 438 714 ἔστιν
467 681 482 714 ὁ
512 681 611 724 ἥλιος,
648 680 718 713 ἀλλ’
753 681 843 723 ἑτέρα
877 694 924 719 τις
952 684 1103 722 κρείσσων
1138 680 1230 713 vivia
1261 683 1325 712 κτλ.
1374 692 1467 723 porro
1498 682 1529 713 in

260 736 368 768 eodem
393 737 459 767 fere
477 736 653 776 argumenti
677 746 793 776 genere
818 736 948 766 allatum
974 736 1055 766 idem
1073 736 1285 775 Anaxagorae
1310 736 1349 766 de
1373 735 1439 766 sole
1464 735 1531 776 pla-

260 790 353 821 citum
378 790 496 820 invenit
524 789 607 829 apud
631 789 766 819 Probum
796 799 876 829 pers.
905 789 936 819 in
961 789 1054 829 Verg.
1080 788 1145 819 Ecl.
1171 789 1214 819 VI
1231 790 1281 820 31.
1327 788 1409 819 unde
1442 788 1530 827 sequi

261 843 290 874 ei
317 842 490 881 videbatur,
523 845 555 872 ut
586 842 648 873 iam
680 842 710 872 in
745 842 897 872 communi
930 842 1038 872 horum
1071 842 1162 872 trium
1196 845 1414 882 excerptorum
1445 842 1531 872 fonte

261 895 353 926 fuerit
378 895 536 926 adhibitus
560 894 780 935 Apollodorus.
828 895 913 933 atqui
937 905 1059 932 vereor,
1094 905 1132 925 ne
1161 904 1271 934 parum
1304 894 1392 925 firma
1423 894 1463 924 sit
1494 904 1531 925 ac

260 948 366 979 valida
394 949 472 979 haec
504 949 594 979 ratio.
642 951 735 987 atque
770 948 903 988 primum
937 947 1062 987 quidem
1093 948 1177 978 nullo
1209 948 1333 978 vinculo
1365 947 1532 978 coniuncta

261 1001 345 1042 apud
368 1001 503 1032 Probum
530 1004 577 1032 est
601 1001 751 1032 memoria
772 1002 982 1040 Anaxagorae
1008 1011 1075 1031 cum
1100 1001 1260 1040 allegoriis
1277 1000 1452 1031 Homericis
1476 1000 1532 1031 sed

262 1064 363 1094 aeque
387 1057 481 1094 atque
506 1054 571 1085 alia
594 1054 691 1085 multa
715 1054 745 1084 in
771 1054 829 1084 hoc
851 1053 969 1085 scholio
987 1054 1144 1084 inculcata
1169 1064 1187 1084 a
1212 1054 1415 1094 compilatore
1440 1053 1532 1084 docto

261 1107 396 1147 quodam
435 1107 490 1138 sed
530 1107 637 1148 inepto
682 1107 732 1147 (cf.
764 1107 855 1137 Thilo
888 1107 999 1137 Annal.
1036 1107 1110 1147 phil.
1144 1106 1270 1137 CXLIX
1306 1117 1334 1146 p.
1361 1105 1530 1145 421ss.)¹).

261 1160 424 1191 Parisinae
449 1164 553 1191 autem
579 1160 718 1200 eclogae,
753 1159 836 1199 quod
860 1160 942 1190 infra
974 1159 1194 1190 demonstrabo
1229 1159 1415 1198 accuratius,
1449 1168 1531 1190 eom-

262 1214 381 1254 pilatae
399 1216 470 1244 sunt
487 1214 526 1244 ab
544 1213 683 1244 Iohanne
700 1214 822 1243 'l‘zetze
861 1215 966 1243 notum
992 1215 1096 1243 autem
1122 1215 1169 1243 est
1185 1211 1439 1252 philosophorum
1465 1218 1532 1242 cnm

263 1267 398 1297 Homero
424 1266 690 1307 comparationem
711 1266 742 1296 in
767 1266 889 1296 deliciis
906 1265 1077 1296 Iohannem
1109 1265 1265 1296 habuisse.
1312 1265 1356 1296 sic
1382 1265 1438 1295 hoc
1459 1274 1534 1304 quo-

261 1330 320 1359 que
344 1320 414 1350 loco
440 1330 500 1350 non
526 1319 718 1360 Apollodoro
744 1322 791 1349 est
815 1319 869 1349 sed
894 1318 955 1359 ipsi
972 1319 1105 1349 Tzetzae
1131 1318 1323 1358 assignanda
1346 1318 1461 1348 mentio
1480 1317 1534 1348 illa

261 1373 479 1412 Anaxagorae.

350 1425 493 1457 Adversa
516 1435 591 1456 vero
616 1426 717 1455 fronte
742 1434 809 1455 cum
827 1425 972 1455 Miinzelii
997 1424 1177 1455 coniectura
1195 1427 1323 1464 pugnat,
1348 1423 1432 1463 quod
1451 1423 1533 1462 frag-

263 1482 368 1510 menta
384 1478 598 1519 'Apollodorea
617 1478 693 1508 satis
711 1481 795 1508 certa
812 1477 1054 1508 ratiocinatione
1072 1476 1155 1517 apud
1172 1476 1365 1508 Heraclitum
1382 1476 1534 1516 indagata

261 1532 419 1572 pertinere
450 1531 535 1562 nullo
566 1531 659 1562 modo
690 1535 820 1571 possunt
849 1531 889 1561 ad
915 1531 947 1561 id
976 1540 1063 1570 opus⁷
1097 1540 1156 1569 quo
1181 1529 1310 1561 Homeri
1339 1530 1535 1560 tractabatur

262 1585 471 1625 philosophia.
510 1594 549 1615 an
575 1594 737 1615 commune
762 1584 929 1623 quicquam
954 1594 1020 1614 cum
1046 1583 1104 1614 hoc
1130 1585 1314 1623 argumento
1337 1582 1395 1613 tibi
1416 1582 1533 1613 habere

262 1637 386 1669 videtur
402 1640 456 1668 aut
472 1637 498 1668 is
515 1637 613 1676 locus,
631 1648 692 1676 quo
710 1637 747 1668 de
766 1637 873 1667 inferis
891 1638 929 1677 (c.
944 1638 999 1675 743
1022 1637 1058 1667 cf.
1076 1636 1110 1667 E.
1124 1636 1283 1667 Schwartz
1300 1636 1364 1666 PW
1381 1646 1411 1676 p.
1426 1636 1534 1673 2873),

262 1693 316 1721 aut
340 1690 393 1721 ille
418 1700 479 1729 quo
505 1690 542 1721 de
559 1690 656 1721 variis
673 1690 817 1721 Mercurii
836 1690 947 1720 officiis
965 1689 1204 1727 nominibusque
1222 1688 1399 1729 disputatur
1423 1688 1460 1727 (e.
1480 1689 1533 1727 723

263 1744 300 1774 cl.
325 1743 505 1774 Helermehl
530 1743 616 1774 Stnd.
634 1743 664 1773 in
685 1743 827 1783 Apollod.
852 1742 925 1783 περὶ
950 1744 1036 1772 θεῶν
1059 1743 1169 1782 fragm.
1192 1741 1308 1772 Genev.
1329 1741 1411 1772 Diss.
1432 1741 1533 1771 Bcrol.

262 1807 289 1836 p.
308 1797 384 1833 37>z>
424 1796 498 1835 quid
522 1796 605 1835 quod
629 1806 667 1827 ne
692 1796 909 1835 gravissimum
936 1795 1059 1835 quidem
1084 1795 1300 1834 fragmentum,
1329 1794 1411 1832 quod
1436 1793 1534 1833 ipsius

262 1848 448 1889 Apollodori
472 1849 596 1879 nomine
621 1852 761 1880 notatum
787 1852 834 1880 est
858 1854 895 1888 (c.
913 1850 946 1888 7,
973 1849 1009 1879 cf.
1031 1847 1152 1878 Miinzel
1174 1847 1194 1878 1.
1212 1848 1231 1877 l.
1248 1858 1277 1887 p.
1295 1847 1385 1887 (iss),
1410 1846 1534 1877 videtur

263 1911 332 1932 cum
356 1902 485 1932 Homeri
509 1902 709 1942 philosophia
733 1901 795 1932 ullo
820 1902 942 1932 vinculo
967 1901 1083 1931 artiore
1108 1900 1297 1931 cohaerere?

352 1954 517 1985 Difficilior
542 1955 684 1994 quaestio
710 1958 756 1985 est
779 1954 816 1985 de
834 1964 871 1985 eo
889 1953 991 1994 eapite
1017 1955 1092 1992 (44),
1119 1963 1179 1992 qno
1198 1952 1412 1983 demonstrare
1430 1952 1534 1982 studet

263 2007 440 2038 Heraclitus
463 2005 638 2047 (Υπερίωνα
664 2004 816 2048 ἠλὲκῑορα
841 2005 1008 2045 ἀκάμαντα
1032 2016 1145 2037 vocare
1170 2006 1266 2036 solem
1291 2005 1351 2036 nisi
1376 2015 1455 2045 eum,
1481 2005 1534 2044 qui

264 2060 427 2099 globosam
452 2060 558 2090 mundi
582 2060 712 2090 formam
738 2060 959 2100 perspexisset,
984 2070 1044 2090 non
1070 2059 1216 2099 potuisse.
1257 2058 1334 2089 haec
1359 2062 1391 2089 ut
1407 2058 1535 2098 Apollo-

265 2113 341 2144 doro
370 2112 555 2153 vindicaret,
584 2116 685 2144 motus
718 2117 765 2144 est
792 2113 966 2143 Miinzelius
998 2112 1132 2143 maxime
1165 2111 1278 2152 capitis
1300 2111 1358 2142 VII
1390 2111 1533 2142 similitu-

358 2225 379 2257 1)
400 2224 492 2257 Neque
511 2227 580 2251 enim
601 2225 722 2251 Marxius
741 2224 806 2250 mihi
826 2224 961 2257 persuasit
982 2224 1066 2251 Lucil.
1088 2224 1099 2249 Ι
1120 2232 1145 2256 p.
1166 2224 1311 2250 LXXIIss,
