1697 2530
867 170 928 200 102

259 272 410 304 miramur
441 272 473 303 in
507 272 555 303 his
590 272 705 310 verbis,
739 272 823 311 quod
860 283 928 303 cum
960 273 1042 304 falsa
1073 283 1143 305 esse
1175 274 1319 314 legamus
1352 276 1531 315 grammati-

260 336 365 358 corum
403 328 593 364 commenta,
629 334 702 355 vere
734 324 807 364 quid
839 324 980 365 intellegi
1020 326 1154 357 voluerit
1185 327 1344 367 Vergilius
1383 328 1528 360 Cererem

259 383 290 410 et
321 379 468 410 Liberum
512 377 673 415 inducens,
706 387 745 408 ne
778 377 874 408 verbo
907 378 1031 416 quidem
1064 378 1239 411 edocemur.
1297 380 1359 410 iam
1391 390 1466 412 vero
1500 381 1531 412 in

259 431 339 462 libro
372 431 472 471 primo
504 440 528 461 c.
560 432 608 468 18,
629 432 669 461 23
706 429 833 461 eosdem
869 440 977 461 versus
1006 430 1050 461 sic
1080 431 1259 462 Macrobius
1295 432 1531 473 interpretatur:

263 484 353 523 „hinc
385 486 416 515 et
446 483 603 523 Vergilius
637 483 738 513 sciens
768 482 914 513 Liberum
945 485 1065 523 patrem
1099 484 1197 514 solem
1230 494 1299 515 esse
1332 487 1363 516 et
1387 485 1531 518 Cererem

261 538 374 574 lunam,
413 537 464 576 qui
499 536 619 577 pariter
651 535 865 566 fertilitatibus
897 536 1010 575 glebae
1045 539 1076 567 et
1098 537 1293 568 maturandis
1316 538 1458 577 frugibus
1482 540 1531 571 vel

262 593 414 622 nocturno
439 591 686 630 temperamento
710 589 761 619 vel
785 588 895 619 diurno
921 588 1025 620 calore
1051 589 1251 620 moderantur
1275 594 1399 622 vestro
1424 591 1469 622 ait

872 641 899 672 si
923 651 1049 672 munere
1073 642 1167 673 tellus

516 694 688 725 Chaoniam
712 694 823 734 pingui
847 694 991 733 glandem
1012 694 1143 725 mutavit
1168 695 1274 726 arista.

259 748 356 779 solem
382 757 455 779 vero
480 751 625 778 terrenae
657 757 726 778 esse
751 747 952 778 fecunditatis
977 751 1135 779 auctorem
1168 748 1250 779 idem
1282 751 1376 789 poeta
1399 750 1532 789 profano

259 812 332 832 mox
357 800 461 832 docuit
486 801 628 840 exemplo
654 810 722 831 cum
748 801 792 831 ait

472 863 568 893 saepe
593 853 688 884 etiam
713 853 835 884 steriles
860 853 1028 884 incendere
1053 854 1170 894 profuit
1192 863 1287 893 agros

262 910 293 938 et
326 906 456 946 reliqua.
504 906 530 937 si
564 906 644 937 enim
677 906 833 936 hominum
859 909 1034 937 commento
1067 907 1148 947 ignis
1181 907 1339 938 adhibitus
1370 907 1532 948 multiplex

261 964 403 1000 praestat
435 960 599 999 auxilium,
635 960 708 999 quid
744 959 985 990 adscribendum
1026 963 1073 990 est
1111 960 1252 991 aetherio
1284 960 1359 991 solis
1391 961 1529 991 calori‘?“

260 1023 354 1054 porro
384 1013 483 1044 isdem
500 1013 642 1043 versibus
660 1013 838 1043 Macrobius
859 1013 954 1043 utitur
974 1012 1015 1044 ad
1041 1013 1291 1052 coniungendam
1309 1012 1533 1053 copulandum-

262 1076 322 1105 que
348 1066 480 1106 primum
505 1067 617 1097 librum
643 1076 711 1097 cum
733 1066 945 1106 sequentibus,
971 1066 1162 1105 Euangelum
1181 1066 1331 1097 inducens
1348 1066 1392 1096 ita
1408 1066 1533 1105 loquen-

261 1123 321 1150 tem
345 1120 360 1150 I
385 1121 486 1157 24,3:
527 1130 586 1158 „an
623 1130 681 1159 ego
718 1120 842 1150 credam
873 1119 956 1158 quod
995 1119 1059 1158 ille,
1097 1129 1166 1149 cum
1203 1119 1321 1150 diceret
1352 1119 1463 1150 Liber
1498 1121 1534 1149 et

261 1173 358 1203 alma
383 1173 497 1204 Ceres
521 1183 577 1213 pro
595 1173 661 1203 sole
683 1182 720 1203 ac
738 1173 821 1212 luna,
847 1183 908 1203 non
927 1172 983 1203 hoc
1002 1172 1031 1202 in
1049 1172 1179 1203 alterius
1196 1176 1309 1212 poetae
1327 1172 1531 1203 imitationem

260 1226 372 1266 posuit,
392 1226 437 1256 ita
455 1226 514 1256 dici
532 1226 672 1265 audiens,
696 1236 750 1256 cur
767 1228 871 1256 tamen
890 1225 1045 1255 diceretur
1061 1225 1250 1264 ignorans?“
1300 1225 1411 1264 quibus
1429 1225 1532 1256 verbis

259 1278 441 1309 refellendis
466 1279 575 1309 tertius
599 1279 678 1309 liber
703 1281 734 1309 et
757 1278 883 1317 quintus
907 1278 1087 1309 inserviunt.
1134 1278 1182 1308 his
1207 1278 1414 1309 consideratis
1439 1278 1532 1309 facile

262 1332 453 1370 adducimur,
488 1335 519 1362 ut
551 1332 643 1372 primi
674 1331 745 1362 libri
774 1331 875 1362 locum
901 1334 1075 1362 statuamus
1101 1341 1138 1361 ex
1163 1331 1272 1362 eodem
1297 1331 1383 1361 fonte
1408 1331 1533 1361 ductum

263 1394 333 1416 esse
358 1384 440 1415 unde
465 1384 563 1423 quinti
588 1384 659 1415 libri
683 1385 965 1424 interpretamenta
981 1383 1172 1423 Vergiliana.
1219 1393 1256 1414 ac
1274 1394 1342 1414 cum
1359 1383 1437 1414 satis
1453 1383 1533 1414 raris

262 1437 315 1469 ille
349 1438 590 1468 commentarius
615 1441 756 1468 veterum
781 1437 968 1477 scriptorum
993 1436 1180 1467 testimoniis
1212 1436 1361 1475 abundet,
1394 1436 1535 1476 sequitur

261 1490 352 1522 simul
367 1501 435 1522 cum
450 1491 638 1531 Vergilianis
654 1491 797 1521 versibus
815 1490 909 1521 etiam
926 1490 1113 1528 testimonia,
1131 1489 1242 1529 quibus
1260 1490 1367 1520 horum
1382 1489 1534 1520 niteretur

262 1534 453 1584 explanatio,
479 1554 498 1574 a
522 1544 681 1574 Macrobio
711 1553 780 1573 esse
806 1543 906 1583 primo
940 1543 1018 1573 libro
1043 1543 1208 1573 inculcata.
1256 1552 1335 1582 quae
1369 1552 1388 1572 a
1421 1542 1534 1573 ceteris

261 1597 439 1629 discernere
464 1607 525 1627 non
550 1597 595 1627 ita
620 1596 745 1627 difficile
771 1600 827 1635 est,
858 1595 981 1635 quando
1007 1596 1131 1635 quidem
1156 1598 1265 1636 aperte
1290 1596 1463 1635 interrupta
1486 1597 1534 1626 est

262 1651 409 1681 continua
445 1649 654 1690 Orphicorum
693 1660 837 1680 versuum
877 1649 1095 1689 interpretatio
1136 1651 1166 1679 et
1201 1648 1338 1679 Cornelii
1374 1648 1533 1679 Labeonis

261 1703 330 1734 loco
362 1705 555 1742 18,19—21
595 1707 625 1734 et
660 1703 781 1733 duobus
806 1703 916 1733 Laevii
949 1706 1062 1742 poetae
1095 1701 1238 1733 versibus
1275 1702 1393 1740 18,16.
1440 1710 1532 1741 porro

260 1756 528 1797 paragraphorum
549 1758 643 1795 1-6,
668 1756 698 1787 iu
716 1756 827 1796 quibus
845 1758 876 1786 et
894 1755 992 1786 Varro
1010 1758 1269 1786 commemoratus
1286 1758 1333 1785 est
1350 1757 1381 1785 et
1397 1754 1533 1785 Granius

262 1810 403 1849 Flaccus,
430 1809 583 1849 originem
608 1820 627 1840 a
651 1809 764 1840 ceteris
789 1809 944 1840 diversam
976 1818 1045 1839 esse
1070 1808 1139 1848 ipsa
1164 1808 1254 1838 docet
1279 1807 1356 1838 haec
1380 1806 1532 1837 Macrobii

261 1863 404 1894 transitio
432 1865 481 1901 18,
502 1864 533 1894 7:
563 1862 639 1901 „sed
663 1863 736 1893 licet
760 1862 812 1893 illo
837 1862 924 1903 prius
948 1861 1075 1892 adserto
1100 1861 1233 1892 eundem
1259 1870 1328 1891 esse
1352 1859 1532 1900 Apollinem

262 1926 298 1947 ac
329 1916 438 1954 solem,
476 1915 650 1955 edoctoque
686 1919 799 1956 postea
823 1916 925 1956 ipsum
961 1924 1031 1946 esse
1056 1914 1203 1945 Liberum
1238 1917 1358 1954 patrem
1393 1912 1532 1943 eiusdem

261 1969 395 1999 numinis
433 1969 621 2007 habendum,
661 1969 805 2000 absolute
845 1971 949 1999 tamen
989 1968 1046 1998 hoc
1086 1966 1278 2006 argumentis
1314 1965 1532 2005 liquidioribus

261 2022 471 2052 adstruetur.“
520 2022 626 2052 omnia
650 2022 727 2053 haec
744 2021 853 2052 referri
871 2024 944 2061 apte
961 2030 1054 2061 posse
1071 2019 1112 2050 ad
1131 2019 1259 2058 Vergilii
1277 2018 1532 2049 commentarium

262 2084 330 2105 cum
356 2084 412 2115 per
436 2084 470 2105 se
487 2078 628 2115 apertum
646 2074 686 2105 sit
702 2077 766 2104 tum
783 2074 956 2105 luculenter
972 2083 1009 2104 eo
1027 2073 1266 2111 demonstratur,
1296 2071 1378 2111 quod
1396 2070 1533 2102 Cornelii

261 2127 417 2158 Labeonis
442 2128 526 2158 facta
547 2130 594 2158 est
611 2127 705 2158 etiam
722 2127 753 2158 in
770 2127 863 2158 tertio
880 2126 960 2157 libro
978 2125 1093 2156 mentio
1110 2126 1153 2165 (4,
1173 2126 1215 2166 6),
1233 2124 1286 2164 qui
1303 2124 1391 2162 liber,
1415 2128 1447 2154 ut
1462 2124 1533 2164 ipsa

263 2181 329 2211 1ius
353 2180 434 2212 ratio
460 2180 561 2220 docet,
586 2180 822 2220 coniungendas
847 2183 894 2210 est
919 2189 987 2210 cum
1012 2178 1083 2209 libri
1108 2178 1206 2218 quinti
1231 2187 1275 2208 cc.
1303 2178 1442 2208 18-22.
1567 2219 1575 2245 Ι

1339 2235 1395 2261 Μ’
1421 2235 1532 2257 fr*
1552 2223 1691 2262 “stratoni

1547 2282 1561 2327 'r

1563 2284 1672 2316 '325-
