1697 2530
688 191 692 193 .
715 146 897 193 412-

240 252 341 291 Atque
366 251 443 282 haec
468 249 592 290 quidem
619 255 730 291 aperta
755 251 820 282 iere
846 254 877 282 et
900 251 1005 292 plana.
1052 251 1114 282 iam
1139 261 1213 283 vero
1238 261 1431 292 magnopere

152 308 202 338 cst
225 304 402 343 dolendum,
436 304 519 343 quod
544 307 607 335 tam
641 304 671 335 iu
703 304 836 335 obscuro
869 305 960 336 uobis
991 307 1048 343 est,
1082 314 1144 345 qua
1168 305 1220 336 via
1248 314 1285 336 ac
1310 305 1432 336 ratione

152 358 365 400 Apollodorus
399 363 431 389 et
463 357 645 398 primariam
671 357 847 389 definiverit
879 367 1123 398 supremamque
1155 358 1246 398 quasi
1279 358 1431 398 cuiusque

151 411 203 443 dei
227 411 423 443 notationem
448 414 479 442 et
503 411 544 441 ab
569 410 624 441 illa
649 410 777 442 definita
793 411 899 442 varios
917 410 1170 452 multiplicesque
1188 411 1327 451 effectus,
1354 421 1431 451 quos

151 465 270 496 habere
295 464 326 495 iu
351 474 409 495 sua
433 466 590 504 potestate
615 463 696 494 idem
723 463 775 495 ille
801 463 878 495 deus
901 463 1091 503 crederetur,
1117 464 1317 496 derivaverit.
1358 475 1431 496 uam

152 522 237 549 certe
262 528 324 548 nou
348 517 508 549 mediocre
533 527 602 547 eum
628 516 658 547 in
684 516 800 548 talibus
824 516 1088 557 explicationibus
1122 517 1255 548 studium
1289 527 1431 558 operam-

151 581 212 611 que
237 571 380 611 posuisse
404 580 474 601 cum
499 569 626 601 aliunde
651 569 726 601 licet
749 570 899 609 augurari
923 574 985 601 tum
1012 570 1165 611 imprimis
1199 580 1237 601 ex
1262 571 1431 612 Porphyrii

152 623 226 664 περὶ
250 620 441 663 ἅγαλλιιάτων
465 623 554 661 libro,
586 623 617 653 in
643 632 704 662 quo
730 623 887 662 exquisita
912 623 1047 663 quadam
1073 633 1141 654 cum
1175 624 1347 655 subtilitate
1379 624 1431 656 de-

152 676 329 707 scribuntur
353 675 546 716 singulorum
572 675 732 706 numinum
764 675 957 716 provinciae.
1005 675 1186 715 ignoramus
1218 676 1321 716 igitur,
1355 687 1431 717 quo-

152 728 244 760 modo
270 728 485 770 explicaverit,
518 738 572 759 cur
596 728 688 760 modo
714 738 775 759 una
798 739 860 768 res,
895 732 927 759 ut
951 732 1037 760 terra
1068 739 1155 760 mare
1185 730 1315 768 caelum,
1350 731 1432 762 inter

152 785 199 813 tot
223 781 348 813 diversa
370 782 500 813 numina
524 781 626 812 divisa
650 786 743 820 esset,
770 781 863 813 modo
880 782 1005 822 plurimi
1030 785 1061 813 et
1079 782 1283 814 diversissimi
1301 783 1431 815 effeetus

152 839 258 867 essent
282 835 313 866 iu
338 835 428 866 unius
452 834 503 866 dei
531 838 699 876 potestate.
720 878 726 880 ὴ
747 835 938 875 ignoramus,
971 839 1004 866 ut
1037 836 1143 867 verbis
1168 836 1319 867 Varronis
1350 840 1429 874 utar,

151 888 300 928 quoniam
324 898 375 919 res
399 892 483 920 certe
509 888 701 929 Apollodoro
726 877 922 929 nTffi-'issnota
947 892 1024 928 erat,
1059 899 1121 930 qua
1152 889 1274 920 ratione
1299 899 1338 921 ex
1363 889 1430 921 deis

152 941 287 987 minutis,
314 952 444 982 quorum
469 952 529 973 non
551 942 611 973 uisi
629 942 720 973 unius
738 942 870 982 quisque
888 946 997 973 auctor
1014 946 1098 974 esset
1114 941 1275 982 ἐνεργείας,
1302 942 1431 984 prodire

135 984 277 1026 'iusserit
301 994 378 1027 deos
402 995 538 1026 selectos
562 1005 599 1027 ac
625 995 824 1036 praecipuos.
871 995 1006 1027 fortasse
1030 998 1134 1027 tamen
1169 996 1207 1027 de
1233 995 1281 1027 his
1306 1006 1430 1036 quoque

152 1049 246 1080 rebus
271 1058 309 1080 ex
327 1049 478 1080 Varronis
503 1053 533 1080 et
550 1049 717 1090 Porphyrii
742 1049 980 1090 comparatione
1005 1049 1122 1089 aliquid
1141 1059 1252 1081 eruere
1269 1050 1431 1090 continget

152 1101 366 1141 peritioribus.
391 1106 464 1133 sunt
477 1102 558 1133 enim
573 1102 657 1143 apud
671 1102 879 1142 Augustinum
894 1102 954 1133 loci
969 1102 1094 1142 quidam
1106 1102 1302 1142 Varroniani,
1317 1103 1431 1143 quibus

151 1154 314 1195 applicata
338 1155 378 1186 ad
404 1155 479 1186 deos
501 1156 659 1186 Romanos
682 1155 840 1186 iuvenitur
863 1155 945 1186 ratio
971 1155 1202 1196 disciplinaque
1228 1156 1428 1197 Apollodori:

218 1216 316 1247 Varro
342 1216 426 1257 apud
450 1217 528 1256 Aug.
557 1217 595 1247 de
620 1216 677 1247 civ.
711 1216 762 1247 dei

150 1269 210 1300 VII
233 1278 259 1300 c.
285 1270 340 1301 16:
374 1269 519 1300 Liberum
553 1272 584 1301 et
615 1269 761 1301 Cererem

151 1326 351 1363 praeponunt
375 1323 557 1362 seminibus,
591 1323 642 1354 vel
674 1323 760 1354 illum

151 1375 345 1415 masculinis,
379 1376 465 1407 illam
497 1376 670 1416 femininis;
703 1377 761 1407 vel

152 1428 256 1459 illum
281 1429 436 1468 liquori,
460 1429 562 1460 illam
580 1440 668 1461 vero
686 1430 761 1461 ari-

152 1481 264 1512 ditati
289 1482 477 1515 seminum.

217 1535 335 1567 ibidem
358 1546 382 1567 c.
403 1537 457 1567 23:
481 1546 554 1574 uon,
578 1535 686 1575 iuquit,
706 1535 762 1566 sed

151 1598 212 1620 una
236 1589 408 1628 eademque
432 1592 517 1619 terra
545 1589 641 1620 habet
665 1589 762 1629 gemi-

150 1651 223 1673 nam
255 1642 327 1681 vim,
364 1645 395 1673 et
426 1642 642 1681 masculinam,
678 1642 761 1682 quod

150 1695 270 1726 semina
304 1695 467 1736 producat,
504 1698 535 1726 et
567 1695 760 1736 femininam,

150 1747 234 1787 quod
251 1748 383 1789 recipiat
400 1752 494 1788 atque
512 1749 662 1780 enutriat:
688 1748 761 1780 inde

149 1811 170 1832 a
200 1801 231 1832 vi
263 1801 415 1833 feminina
446 1801 560 1833 dictam
593 1811 663 1833 esse
687 1801 760 1833 Tel-

149 1854 259 1894 lurem,
288 1865 308 1887 a
331 1855 508 1887 masculina
531 1855 759 1887 Tellumonem.

884 1216 998 1257 Porph.
1023 1216 1106 1257 apud
1131 1217 1203 1249 Eus.
1228 1228 1274 1258 pr.
1305 1228 1352 1249 ev.
1376 1218 1430 1257 111,

819 1271 868 1309 11,
884 1272 923 1301 15
946 1294 952 1300 .
974 1294 980 1300 .
1003 1296 1007 1300 .

815 1322 928 1364 ξηροὺς
952 1323 1096 1364 καρπούς
1113 1322 1207 1365 Κόρη,
1231 1323 1268 1354 τὸ
1293 1324 1326 1355 δὲ
1347 1324 1428 1355 κατὰ

1033 1269 1068 1300 οὐ
1102 1270 1138 1300 τὸ
1169 1269 1226 1310 μὲν
1257 1271 1329 1312 περὶ
1357 1271 1431 1308 τοὺς

818 1376 891 1412 τούς
915 1374 1028 1417 ὑγροῦς
1049 1376 1101 1407 καὶ
1126 1377 1162 1407 τὰ
1181 1375 1338 1418 ἀκρόδρυα
1356 1377 1430 1409 Διό-

818 1440 908 1467 νυσος
932 1429 1084 1460 καλεῖται.

883 1536 998 1577 Porph.
1015 1536 1090 1576 περὶ
1102 1535 1158 1569 Στ.
1173 1547 1203 1577 p.
1214 1538 1289 1576 419,
1300 1538 1367 1568 2ss.
1380 1537 1428 1568 W.

817 1587 949 1629 ἄρσενας
978 1588 1010 1619 δὲ
1040 1588 1144 1631 (χοὰς)
1172 1588 1231 1626 τᾶς
1263 1587 1353 1620 οὐδὲν
1383 1588 1429 1621 ἐκ·

816 1641 1010 1684 τρεφούσας·
1034 1642 1134 1684 θήλεα
1150 1642 1207 1682 μὲν
1222 1643 1283 1684 γάρ
1299 1643 1339 1673 τά
1358 1655 1430 1685 καρ-

816 1694 958 1736 πόφυρα,
984 1694 1098 1736 ἄρσενα
1123 1695 1157 1726 δὲ
1181 1695 1220 1726 τά
1244 1695 1345 1736 ἄγονα
1365 1695 1430 1728 ἕλε·

816 1760 878 1789 γον,
891 1751 936 1790 τῷ
949 1749 1002 1779 τὸν
1014 1748 1071 1788 μὲν
1084 1748 1119 1780 τὸ
1135 1751 1264 1790 σπέρμα
1277 1752 1430 1790 παρέχειν

814 1801 918 1842 μόνον,
943 1802 998 1844 τὴν
1021 1801 1052 1832 δὲ
1078 1802 1130 1832 καὶ
1154 1800 1327 1843 ἐκτρέφειν·
1353 1800 1430 1833 ὅθεν

815 1855 868 1886 καὶ
892 1853 1004 1898 (θῆλυς
1020 1853 1118 1897 ἒέρσι]’
1144 1857 1170 1896 (ε
1188 1857 1267 1897 467)
1292 1853 1311 1897 ἦ
1332 1854 1429 1886 πολύ-

815 1920 904 1949 γονος
927 1909 981 1939 καὶ
1006 1911 1154 1951 τροφίμη.

238 1970 304 2002 Nec
328 1970 395 2002 veri
423 1969 575 2002 dissimile
600 1970 724 2002 videtur
748 1970 843 2002 etiam
876 1971 972 2002 latius
1004 1971 1088 2012 apud
1114 1971 1287 2002 Varronem
1318 1974 1428 2012 patere

150 2022 336 2063 Apollodori
360 2033 450 2055 usum
460 2024 492 2064 ¹).

242 2128 262 2161 ¹)
282 2127 352 2154 Miro
371 2129 486 2161 quodam
505 2137 597 2156 errore
616 2129 744 2162 deceptus
759 2129 899 2162 Agahdius
919 2129 947 2156 iu
961 2129 1050 2156 Fleck.
1066 2129 1163 2156 Aunal.
1178 2129 1270 2162 Suppl.
1290 2130 1323 2156 24
1337 2137 1361 2162 p.
1376 2129 1428 2156 ‘202

150 2171 183 2197 ad
200 2172 350 2199 varronem
368 2173 477 2199 rettulit
492 2173 642 2207 Augustini
657 2174 786 2206 quosdam
807 2174 888 2207 locos,
902 2173 948 2207 qui
967 2181 1064 2200 revera
1083 2176 1209 2207 spectant
1229 2174 1262 2200 ad
1283 2173 1428 2207 Porphyrii

205 2220 219 2239 R
227 2220 368 2240 einhnrdt.
383 2221 415 2241 Do
430 2221 556 2242 Graecorum
571 2222 686 2247 theologia.

1231 2228 1247 2254 8
