1697 2530
709 147 827 195 ἢ117

158 255 190 286 in
214 254 392 285 universum
424 254 463 285 de
493 263 599 285 eorum
631 253 731 285 sacris
759 256 790 285 et
822 253 998 293 insignibus
1029 252 1226 293 disseruisse,
1260 256 1294 284 ut
1325 253 1439 293 quibus

158 307 331 339 rationibus
345 306 473 338 adducti
487 307 629 339 homines
643 307 773 338 deorum
788 306 905 338 cultum
923 306 1140 346 instituissent,
1158 316 1252 346 quam
1264 306 1439 338 clarissime

159 360 339 392 illustraret.

245 413 332 445 Haec
357 416 440 453 sunt,
466 424 548 454 quae
573 414 611 445 de
637 413 745 445 ordine
770 413 921 444 librorum
955 423 991 444 ac
1026 413 1233 453 dispositione
1265 412 1360 443 habui
1392 413 1437 443 ai-

156 467 297 498 ierenda.
345 466 401 499 sed
426 470 461 498 ut
491 470 576 499 recte
607 467 783 498 iudicemus
815 466 853 498 de
878 465 1082 507 Apollodoro,
1116 466 1253 497 omnium
1287 470 1335 497 est
1365 476 1438 506 gra-

156 520 328 560 vissimum,
354 523 386 551 ut
410 520 614 560 inquiramus,
641 530 796 560 quaenam
823 519 852 550 ei
877 523 908 551 et
932 529 1000 550 eum
1018 519 1201 550 Aristarcho
1225 519 1440 550 intercesserit

156 574 238 605 ratio
259 577 291 605 et
315 584 385 605 cum
402 573 518 604 Stoicis
536 572 742 614 philosophis.
781 582 818 603 ac
841 581 920 612 quae
939 571 1116 602 communia
1133 571 1259 611 quidem
1285 572 1314 602 ei
1332 576 1439 603 essent

156 635 226 657 cum
249 625 430 657 Aristarcho
456 635 525 656 cum
551 629 581 656 et
605 625 838 656 Hefermehlius
860 624 1043 665 exposuerit
1067 628 1095 655 et
1113 625 1333 664 Schwartzius,
1359 625 1439 656 haee

154 682 300 720 repetere
324 679 405 710 nolo.
453 678 492 710 de
517 678 663 709 dissensu
688 688 762 709 vero
787 678 910 709 illorum
934 678 1073 708 virorum
1099 677 1320 718 gravissimum
1354 678 1438 709 nacti

156 742 262 764 sumus
291 732 504 763 testimonium
539 732 569 763 in
604 732 790 772 quaestione
815 731 1037 772 Porphyriana
1069 731 1110 762 ad
1134 734 1164 761 E
1187 732 1266 762 422:
1301 731 1354 761 καὶ
1377 731 1438 772 γὰρ

155 783 184 817 εἰ
207 787 352 823 σπανίως
374 783 552 815 Ἑλικώνιον
576 784 630 815 τὸν
655 784 834 815 Ποσειδῶνα
858 782 1017 826 (Ὅμηρος)
1033 782 1153 825 εἴρηκεν
1169 781 1237 814 ἀπὸ
1261 781 1437 822 Ἑλικῶνος,

155 837 198 876 ὥς
220 837 237 869 ὁ
258 836 500 880 Ἀρίσταρχος
521 838 682 876 βούλεται.
701 862 708 868 .
727 862 733 868 .
753 862 758 868 .
785 837 915 869 δύναται
941 837 972 868 d&
998 836 1176 874 Ἑλικώνιος
1206 838 1360 877 λέγεσθαι
1384 837 1437 868 dte?

155 892 191 923 τὸ
215 892 320 929 ἕλικας
345 892 398 923 καὶ
423 897 605 933 περιφερεῖς
628 888 707 922 εἶναι
729 891 787 928 τὰς
806 893 858 934 τῆς
875 890 1041 933 θαλάσσης
1057 890 1152 927 δίνας.
1201 891 1338 922 nondum
1355 891 1436 922 hanc

154 946 186 977 in
211 945 406 986 explicandis
431 946 579 986 epithetis
604 946 707 986 legem
740 949 850 976 contra
874 945 1090 976 Aristarchum
1115 945 1286 986 scripserat
1310 945 1436 986 Apollo-

156 998 252 1030 dorus
284 1002 359 1038 tum,
396 1009 465 1030 cum
499 999 596 1030 libros
621 999 659 1030 de
690 998 816 1030 navium
849 998 996 1038 catalogo
1029 998 1196 1030 condebat.
1244 999 1275 1029 in
1301 1008 1437 1029 excursu

155 1053 279 1091 saltem,
313 1062 405 1092 quem
434 1052 472 1084 de
498 1053 664 1084 Curetibus
696 1052 741 1083 illi
775 1052 863 1092 operi
895 1052 1026 1083 inseruit
1059 1052 1188 1092 (Strabo
1213 1063 1243 1092 p.
1262 1051 1437 1091 465ss.C),

155 1105 224 1137 eius
249 1106 374 1145 generis
399 1116 457 1137 nec
482 1106 555 1137 vola
579 1116 636 1137 nec
660 1105 838 1145 vestigium,
863 1106 919 1136 sed
936 1108 1047 1146 aperte
1065 1105 1298 1146 Dindymenam
1316 1105 1435 1136 Rheam

153 1162 186 1190 et
209 1159 339 1190 Idaeam
364 1160 557 1201 appellatam
583 1159 659 1190 ‹lieit
683 1157 748 1190 ἀπὸ
774 1160 834 1189 τῶν
858 1157 965 1188 τύπων
982 1159 1109 1195 (Strabo
1134 1170 1165 1200 p.
1184 1160 1247 1191 469
1258 1158 1302 1197 C).
1342 1159 1435 1198 longe

154 1212 248 1243 aliter
271 1212 349 1243 haec
375 1213 502 1243 nomina
527 1212 752 1253 interpretatus
777 1215 825 1243 est
849 1212 880 1242 in
905 1222 1002 1253 opere
1027 1212 1100 1252 περὶ
1128 1214 1226 1243 &navt
1253 1212 1290 1243 ef.
1309 1212 1435 1243 Cornut.

154 1276 184 1307 p.
202 1267 300 1305 5,17:
333 1266 459 1307 πρῶτον
482 1265 540 1305 μὲν
562 1264 618 1307 τὴν
637 1264 718 1307 Ἴδην
741 1263 953 1305 ἐπωνόλιιασαν
978 1262 1058 1306 αὐτῇ
1083 1265 1135 1306 (τῇ
1156 1264 1251 1306 Ῥέᾳ),
1280 1267 1436 1304 μετέωρον

150 1317 224 1360 ὅρος
247 1319 299 1350 καὶ
323 1317 340 1350 ὃ
364 1318 529 1360 μακρόθεν
552 1318 638 1349 ἔστιν
662 1317 748 1354 ἰδεῖν,
771 1315 862 1358 <rim
887 1318 1054 1359 supplevi>
1086 1316 1194 1359 ὀρείαν
1215 1316 1313 1360 αὐτὴν
1338 1328 1436 1359 προσ-

151 1371 323 1414 ηγόρευσαν
346 1373 411 1404 κτλ.
450 1372 547 1404 schol.
564 1372 697 1404 Theocr.
721 1373 811 1403 XVII
830 1374 848 1403 9
873 1372 921 1411 (of.
944 1372 1125 1404 Hefermehl
1150 1383 1178 1413 p.
1199 1373 1269 1413 30):
1294 1370 1379 1409 Ἴδας
1402 1371 1436 1402 ὁέ

152 1435 234 1467 φασι
258 1424 365 1456 πάντα
390 1425 428 1456 πὶ
457 1424 566 1467 {injici
592 1424 647 1467 ὄρη
671 1423 738 1456 ἀπὸ
767 1425 821 1456 [οῦ
841 1423 899 1455 ‹z'sf'
924 1423 1026 1456 αι’-[ῶν
1043 1424 1205 1456 δύνασθαι
1221 1424 1299 1456 ἰδεῖν
1316 1424 1433 1455 πάντα.

151 1489 216 1510 non
239 1479 336 1519 igitur
359 1476 428 1509 ἀπὸ
452 1481 513 1509 τῶν
536 1478 643 1509 tomam
664 1479 714 1510 hic
732 1479 943 1520 Apollodorus
963 1479 1019 1510 sed
1036 1476 1104 1509 dm)
1120 1479 1182 1509 τῶν
1198 1477 1435 1519 συμβαινόντων

151 1532 350 1564 derivaverat
372 1531 496 1563 Ἰδαίαν.
544 1532 627 1572 quod
651 1533 679 1563 si
702 1532 747 1563 ita
772 1536 828 1571 est,
853 1542 984 1564 necesse
1010 1536 1058 1563 est
1081 1536 1232 1573 provecta
1249 1532 1312 1563 iam
1329 1535 1434 1563 aetate

152 1595 222 1617 eum
255 1586 286 1617 in
318 1586 411 1617 rebus
440 1586 637 1626 gravissimis
661 1586 701 1617 ab
727 1586 911 1617 Aristarcho
936 1586 1117 1625 descivisse,
1154 1589 1184 1617 et
1210 1585 1285 1626 quid
1310 1585 1435 1617 dicam?

152 1639 359 1679 transfugisse
383 1639 424 1670 ad
449 1639 596 1671 Stoicos?
643 1639 743 1680 possit
767 1649 844 1670 sane
869 1639 913 1670 ita
938 1639 1049 1678 videri,
1084 1649 1152 1670 cum
1186 1639 1377 1670 simillimum
1402 1639 1449 1671 in,

151 1691 277 1723 modum
309 1691 433 1724 Stoicos
464 1692 542 1724 illud
575 1693 786 1733 epithetorum
815 1703 914 1733 genus
948 1693 1174 1734 interpretatos
1207 1702 1278 1724 esse
1311 1696 1435 1724 constet

151 1745 202 1787 (ef.
219 1755 246 1776 e.
263 1756 292 1785 g.
310 1745 477 1787 Chrysipp.
496 1746 531 1778 fr.
551 1748 645 1778 1098.
672 1746 815 1777 Cleanth.
840 1746 876 1777 fr.
894 1747 966 1777 535.
992 1747 1053 1777 541
1081 1746 1214 1787 Arnim).
1254 1756 1311 1777 nec
1329 1750 1434 1787 potest

149 1799 262 1839 negari
285 1798 372 1830 illam
398 1799 548 1840 regulam,
572 1799 744 1831 secundum
769 1809 862 1839 quam
887 1799 994 1830 divina
1011 1799 1140 1830 nomina
1159 1809 1179 1830 a
1195 1799 1273 1831 locis
1290 1799 1433 1830 derivata

150 1851 211 1883 nisi
234 1850 267 1890 ἐξ
289 1850 428 1894 ἡρωικοῦ
450 1851 628 1893 προσώπου
659 1852 841 1883 adhibuisse
866 1852 1023 1884 Homerus
1056 1856 1200 1893 negatur,
1236 1863 1298 1884 non
1331 1853 1432 1884 videri

149 1914 257 1936 veram
282 1915 410 1936 eausam
434 1906 541 1944 fuisse,
567 1916 628 1945 qua
653 1908 828 1936 commotus
844 1905 1058 1946 Apollodorus
1083 1906 1251 1936 maximam
1278 1906 1309 1936 id
1333 1916 1433 1946 genus

149 1958 359 1998 epithetorum
394 1962 516 2000 partem
550 1958 631 1990 hunc
671 1959 701 1990 in
738 1958 862 1990 modum
900 1959 1081 2000 explicaret.
1137 1963 1170 1990 at
1206 1959 1291 1990 idem
1327 1969 1431 1990 nonne

151 2010 334 2043 Philodemo
358 2015 438 2043 teste
464 2011 538 2049 τοὺς
563 2014 815 2049 συνοικειοῦντας
838 2013 1065 2053 oppugnabat?
1111 2016 1213 2043 utrum
1245 2012 1341 2053 igitur
1371 2013 1431 2044 hoc

149 2067 270 2095 tantum
285 2064 317 2095 in
334 2064 396 2097 illis
413 2065 626 2106 vituperabat,
642 2064 727 2105 quod
744 2065 776 2096 in
793 2065 925 2106 singulis
939 2065 1124 2105 quibusdam
1142 2066 1432 2107 interpretamentis

150 2116 230 2148 iusto
255 2117 378 2158 longius
402 2118 584 2151 viderentur
607 2119 778 2160 progredi?
825 2129 866 2150 an
891 2119 1040 2150 universa
1058 2119 1126 2150 eius
1144 2119 1325 2161 explicandi
1348 2119 1430 2150 ratio

150 2170 275 2211 penitus
299 2180 318 2202 a
342 2171 518 2203 Stoicorum
542 2172 704 2213 theologia
729 2172 917 2203 differebat?
942 2172 1087 2213 equidem
1113 2183 1182 2204 cum
1207 2176 1238 2204 et
1260 2172 1430 2204 Cornutum
