1697 2530
764 151 825 182 103

242 259 351 289 Restat
386 257 482 297 igitur
517 257 548 287 in
584 256 684 297 primo
709 256 790 287 libro
826 256 985 287 Cornificii
1019 256 1171 287 memoria
1210 255 1434 297 expungenda3

154 321 236 352 quae
269 311 392 342 etiamsi
427 309 509 341 unde
543 309 662 341 inserta
686 310 726 340 sit
756 310 876 350 ignoro,
912 314 1017 341 tamen
1048 309 1121 348 quin
1156 309 1274 340 inserta
1305 309 1434 340 sitnon

153 365 269 396 dubito.
317 368 410 404 atque
429 363 559 404 primum
577 363 702 403 quidem
720 363 879 394 Cornificii
896 363 934 394 de
952 362 1081 394 Phoebo
1099 363 1187 394 locus
1205 363 1301 404 capiti
1321 363 1371 402 17,
1390 364 1431 394 33

154 419 350 450 extrinsecus
366 418 473 448 illatus
491 427 561 448 esse
578 417 649 457 ipsa
665 416 741 448 sede
759 417 952 456 coarguitur,
975 426 1039 456 qua
1056 419 1230 457 etymorum
1248 416 1434 456 Apollodori

153 472 252 504 series
266 470 512 511 interrumpitur.
547 470 661 501 deinde
674 470 861 511 interposita
874 473 923 501 est
936 469 1052 501 mentio
1074 469 1141 500 eius
1162 470 1243 500 inter
1256 470 1433 501 Stoicorum

153 526 445 566 interpretamenta,
463 534 545 563 quae
564 523 713 554 attulerat
728 523 948 564 Apollodorus,
967 527 998 554 et
1014 522 1114 563 ipsius
1127 527 1235 563 etyma
1249 523 1435 564 Apollodori

153 579 167 609 1
196 579 244 617 17,
263 580 291 609 9.
337 581 401 608 tum
427 577 584 618 Apollinis
601 577 707 617 Pythii
731 577 901 617 explicatio
921 577 970 615 17,
991 577 1120 607 61—62
1134 576 1156 615 ¹)
1182 576 1292 607 eadem
1311 577 1436 608 ratione

153 631 312 663 Cornificii
336 630 461 662 nomine
495 629 620 661 adiecto
653 630 693 660 ad
724 633 885 660 auctorem
909 634 1077 661 revocatur
1110 640 1172 669 qua
1196 627 1265 660 ’[αώ
1297 630 1433 661 nominis

154 684 371 725 interpretatio
396 683 436 714 ad
455 683 633 715 Cornelium
651 683 832 714 Labeonem
851 693 875 714 c.
902 684 952 721 18,
972 684 1034 714 21!
1069 683 1204 722 denique
1230 683 1268 714 de
1293 693 1362 724 cap.
1382 686 1434 724 23,

156 739 240 769 1-9
264 738 335 769 vide
360 748 441 777 quae
466 746 562 777 supra
586 737 716 777 exposui
742 747 772 777 p.
800 737 840 768 70
866 736 937 767 adn.
966 738 991 767 l.

243 790 407 822 Cornificio
433 790 527 830 igitur
550 794 671 821 remoto
697 800 777 830 quae
801 793 923 821 restant
947 789 1138 821 emblemata
1162 789 1202 820 ad
1220 790 1434 820 Romanorum

154 844 346 885 pertinentia
370 842 609 883 antiquitates2)
646 844 725 875 adeo
763 848 793 875 et
826 854 930 884 pauca
961 847 1033 874 sunt
1067 847 1098 874 et
1126 844 1218 882 levia,
1256 848 1290 874 ut
1326 848 1380 875 aut
1416 854 1437 875 a

154 897 314 929 Macrobio
350 897 420 938 ipso
456 907 526 928 esse
563 897 681 928 inserta
716 896 884 928 videantur
918 897 949 927 in
986 897 1149 938 exemplar
1177 896 1344 937 Graecum,
1382 900 1437 928 aut

153 951 298 982 versione
333 951 360 981 si
396 950 449 982 illc
485 961 559 981 usus
596 954 642 981 cst
678 950 786 991 latina,
824 951 1016 991 paucissima
1055 950 1269 981 tantummodo
1306 951 1337 981 in
1376 950 1435 982 hac

153 1007 273 1035 mutata
296 1004 402 1035 fuisse.

242 1058 308 1088 Iam
340 1067 415 1089 vero
440 1058 582 1088 Graecus
612 1057 664 1088 ille
690 1057 827 1098 scriptor
859 1067 878 1088 a
905 1057 1067 1088 Macrobio
1098 1057 1257 1098 expilatus
1290 1057 1435 1097 quisnam

153 1111 256 1145 fuerit,
282 1111 508 1150 quaerendum.
556 1114 650 1150 atque
682 1111 713 1141 in
738 1111 900 1150 vulgarem
933 1111 999 1142 iere
1029 1110 1209 1151 opinionem
1233 1114 1363 1151 recepta
1387 1114 1436 1142 est

155 1164 330 1195 Wissowae
352 1164 533 1195 coniectura
557 1174 576 1195 a
600 1164 765 1194 lamblichi
798 1174 894 1204 opere
924 1164 999 1205 περὶ
1032 1166 1118 1194 θεῶν
1151 1164 1308 1195 censentis
1334 1174 1435 1203 aeque

154 1226 191 1248 ac
216 1217 330 1248 Iuliani
354 1217 528 1248 orationem
553 1217 604 1247 IV.
629 1217 684 1247 illa
709 1217 816 1257 capita
840 1216 976 1248 fluxisse.
1024 1222 1211 1257 argumenta
1228 1228 1303 1248 vero
1328 1217 1436 1249 scisci-

152 1270 230 1301 tanti
255 1270 344 1310 quasi
368 1269 596 1301 validissimum
623 1270 681 1301 hoc
706 1270 763 1301 tibi
792 1273 996 1311 proponetur,
1026 1269 1109 1310 quod
1134 1271 1316 1302 Macrobius
1334 1281 1436 1310 aeque

153 1333 190 1354 ac
221 1323 361 1355 Iulianus
393 1324 544 1364 plurimos
569 1323 698 1354 deorum
722 1324 840 1355 referat
865 1323 905 1354 ad
931 1324 1008 1354 solis
1033 1327 1218 1364 potestates.
1265 1324 1349 1363 quod
1375 1334 1435 1364 ego

151 1377 298 1407 idoneum
324 1387 393 1408 esse
418 1380 635 1417 argumentum
664 1387 754 1417 nego.
800 1387 872 1407 nam
891 1377 939 1408 fac
958 1376 1050 1408 modo
1069 1377 1278 1417 Porphyrium
1295 1377 1435 1409 voluisse

153 1440 214 1460 uno
239 1430 272 1460 in
296 1434 470 1471 conspectu
495 1429 653 1461 collocare
678 1440 733 1461 eos
758 1430 845 1469 deos,
877 1440 955 1469 quos
987 1430 1028 1461 ad
1056 1431 1155 1461 solem
1180 1431 1288 1470 aliqua
1312 1431 1436 1462 ratione

152 1483 334 1514 referendos
359 1493 430 1514 esse
454 1483 612 1514 crederet:
637 1493 740 1514 nonne
757 1484 947 1514 simillimam
966 1484 1212 1524 disputationem
1231 1485 1436 1525 conscripsis-

152 1537 222 1567 set‘?
270 1537 323 1576 qui
347 1537 378 1568 in
403 1537 483 1567 libro
508 1537 582 1578 περὶ
611 1534 806 1577 ἀγαλμάτων
834 1547 895 1568 11011
920 1538 1019 1568 solum
1044 1537 1224 1578 Apollinem
1258 1538 1299 1569 ad
1335 1539 1434 1569 solem

152 1590 250 1621 refert
283 1590 339 1621 sed
362 1590 552 1621 Mercurium
578 1600 702 1630 quoque
734 1594 766 1622 et
789 1590 1014 1632 Aesculapium
1047 1595 1078 1622 et
1101 1591 1265 1623 Plutonem
1290 1601 1347 1623 nec
1372 1601 1436 1623 non

152 1643 321 1674 Herculem
357 1647 388 1674 et
412 1644 560 1675 Liberum
595 1647 625 1675 et
657 1644 774 1675 Horum
811 1647 842 1675 et
871 1644 1019 1685 Sarapin.
1067 1644 1200 1684 aceedit,
1234 1645 1318 1684 quod
1349 1644 1434 1685 apud

151 1695 345 1727 Macrobium
377 1697 480 1737 ipsum
516 1697 650 1737 legimus
686 1697 764 1729 haec
796 1698 895 1729 verba
925 1698 951 1738 (I
978 1699 1028 1737 17,
1048 1699 1116 1738 70):
1154 1698 1256 1737 „sicut
1291 1702 1322 1730 et
1346 1699 1435 1729 Por-

152 1749 310 1790 phyrius
333 1753 468 1782 testatur
491 1751 664 1782 Minervam
690 1761 760 1782 esse
784 1752 932 1783 virtutem
966 1752 1043 1782 solis
1073 1761 1154 1792 quae
1179 1752 1324 1783 humanis
1348 1762 1434 1783 men-

151 1803 234 1834 tibus
270 1804 469 1844 prudentiam
505 1804 730 1836 subministrat.
782 1815 855 1836 nam
890 1805 963 1837 ideo
999 1806 1078 1837 haec
1114 1805 1175 1836 dea
1210 1805 1293 1836 Iovis
1329 1805 1434 1845 eapite

150 1862 308 1897 prognata
331 1861 521 1889 memoratur
556 1858 587 1889 id
617 1863 665 1889 est
701 1858 740 1890 de
773 1868 894 1890 summa
926 1859 1064 1890 aetheris
1101 1862 1191 1900 parte
1217 1858 1314 1898 edita,
1350 1858 1434 1889 unde

152 1909 240 1950 origo
284 1911 361 1942 solis
405 1914 480 1942 est.“
542 1921 664 1943 conexa
709 1915 781 1943 sunt
820 1912 899 1943 haec
934 1913 1033 1943 verba
1069 1922 1137 1943 cum
1174 1911 1436 1943 antecedentibus

102 1986 104 1988 -
151 1965 216 1994 tam
239 1964 312 1995 laxo
336 1964 471 2004 vinculo,
507 1968 540 1996 ut
576 1965 671 1996 aliam
707 1965 780 1996 olim
813 1965 960 1997 habuisse
994 1966 1101 1997 sedem
1130 1966 1306 1998 videantur.
1354 1966 1434 1997 haee

241 2051 261 2084 ¹)
283 2051 477 2086 Paragraphus
497 2054 530 2080 63
549 2053 669 2087 repetita
688 2057 730 2080 est
749 2062 782 2080 ex
802 2062 859 2087 cap.
880 2054 922 2083 21,
937 2054 971 2081 23
991 2056 1020 2081 et
1039 2054 1081 2080 26.

241 2096 264 2128 ²)
285 2096 344 2122 Huc
363 2105 416 2123 non
435 2098 593 2124 referendus
607 2098 682 2125 locus
696 2099 709 2124 I
723 2099 765 2131 21,
780 2099 795 2125 6
809 2107 842 2125 ex
857 2098 869 2132 1
885 2099 925 2130 12,
940 2100 956 2124 8
969 2098 1105 2131 repetitus
1125 2098 1169 2132 (cf.
1184 2098 1320 2125 Wissowa
1334 2107 1359 2131 p.
1375 2099 1434 2130 41);

150 2138 216 2166 item
235 2140 250 2165 1
273 2141 311 2169 17,
331 2141 364 2167 42
385 2150 416 2168 ac
435 2143 468 2168 64
487 2142 599 2175 repetiti
619 2147 681 2169 sunt
701 2151 734 2170 ex
754 2144 768 2169 Ι
788 2143 812 2175 9,
832 2144 856 2169 9.
894 2146 1002 2169 restant
1026 2143 1115 2176 igitur
1139 2146 1196 2170 tres
1221 2143 1273 2169 loci
1294 2142 1307 2168 1
1330 2143 1370 2175 17,
1393 2143 1434 2171 15.

150 2184 164 2210 1
186 2185 226 2217 19,
241 2186 264 2210 3.
303 2184 317 2210 1
337 2186 379 2218 23,
397 2188 435 2212 13.
