1697 2530
907 169 946 199 18

377 274 540 305 Hactenus
564 283 633 304 eum
657 273 751 313 plane
776 277 957 314 congruant,
989 274 1022 304 111
1046 274 1091 305 818
1124 284 1204 314 quae
1235 278 1405 314 sequuntur
1436 274 1560 314 longius

289 328 371 358 inter
387 337 421 359 sc
439 326 616 365 discedunt3
636 335 673 356 ac
689 325 875 357 Plutarchus
892 326 1016 366 quidem
1032 326 1114 358 hunc
1131 327 1162 358 in
1178 327 1303 358 modum
1320 327 1424 368 pergit
1440 329 1477 366 (c.
1490 327 1558 366 94):

289 380 342 410 καὶ
373 379 427 421 τὴν
458 378 566 417 τάξιν
592 376 618 408 d'
644 375 747 408 αὐτῶν
777 376 865 415 ὅπως
895 377 959 418 ἔχει
992 380 1187 418 κατέμαθεν
1220 378 1267 410 ὅτι
1296 379 1353 419 μὲν
1383 379 1443 421 γὰρ
1475 380 1559 422 ἡγῇ

289 431 465 463 κατωτάτω
489 430 619 462 πάντων
642 429 717 467 ἐστί,
747 430 958 472 θεασώμεθα,
993 436 1023 463 81
1051 432 1190 472 sequitur
1214 433 1379 473 explicatio
1410 443 1558 465 versuum

292 488 314 515 Θ
331 486 372 516 23
382 495 421 516 ss.
453 485 536 526 apud
554 484 746 515 Heraclitum
771 485 850 516 11380
867 488 1051 524 sequuntur:
1077 485 1129 515 καὶ
1154 485 1227 526 περὶ
1249 485 1305 525 μὲν
1321 486 1383 516 τῶν
1398 484 1561 528 τῆς“Ηρας

289 537 409 577 δεσμῶν
433 537 472 577 (O
492 538 531 569 18
542 548 582 570 ss,
607 538 644 568 cf.
669 547 692 568 c.
711 538 774 577 40),
798 535 829 568 ἐν
853 535 900 574 οἷς
923 535 942 579 ἡ
968 537 1073 576 τάξις
1098 535 1308 580 ἠλληγόρηται
1324 540 1386 569 τῶν
1401 537 1561 579 τεττάρων

289 592 460 630 στοιχείων,
485 588 701 632 εὐκαιρότερον
726 586 825 627 αὖθις
848 589 988 632 ἐροῦμεν·
1014 592 1066 621 νῦν
1089 589 1116 622 δ’
1141 588 1323 632 ἅποχρῶσιν
1346 591 1375 622 οἱ
1399 591 1479 622 κατὰ
1504 591 1561 633 τὴν

289 645 394 685 τρίτην
417 643 586 685 ῥαψῳδίαν
610 643 696 684 ὅρκοι
720 643 756 674 τὸ
772 643 935 684 λεγόμενον
952 642 1005 685 ὑφ’
1022 642 1108 686 ἡμῶν
1123 645 1294 684 βεβαιῶσαι
1311 647 1351 683 (Γ
1363 645 1559 683 276-279).

289 696 336 728 1118
360 697 438 728 10018
463 697 521 728 8181
545 700 670 737 praeter
693 707 789 728 unum
813 698 940 729 verbum
957 697 1047 736 τάξις
1068 698 1145 728 nihil
1169 697 1333 729 intercedit
1357 697 1466 736 simile,
1482 697 1560 729 1111111

290 760 463 790 0011111111118,
488 750 566 782 satis
590 753 695 781 tamen
719 750 795 781 illud
819 751 920 791 ipsum
937 752 1065 782 verbum
1082 751 1259 782 documenti
1280 754 1336 790 est,
1362 760 1422 790 quo
1439 751 1561 781 conclu-

290 803 399 834 damus
412 803 443 834 in
461 803 616 834 communi
628 803 683 834 1110
696 804 782 834 fonte
795 807 867 844 post
879 807 1064 835 enumerata
1080 804 1235 835 elementa
1248 803 1354 834 statim
1368 803 1560 844 disputatum

288 856 386 887 fuisse
411 856 449 887 (18
474 866 581 887 eorum
607 856 716 887 ordine
740 857 907 896 mundique
932 857 1032 888 forma
1056 860 1087 888 et
1110 856 1218 897 figura.
1267 856 1348 888 unde
1380 866 1473 897 porro
1505 865 1560 887 na-

289 908 385 939 scitur
405 909 544 949 suspicio
566 909 644 940 satis
666 910 802 949 amplam
824 910 1000 949 argumenti
1024 913 1145 950 partem
1169 920 1232 941 non
1254 909 1294 940 ad
1319 909 1490 940 carminum
1504 909 1560 940 sed

289 961 330 993 ad
347 962 485 1002 ipsarum
509 972 613 993 rerum
630 963 725 993 fuisse
742 962 882 994 ordinem
900 963 1093 1003 dispositam.
1134 963 1189 994 sed
1210 963 1291 994 ultra
1307 962 1560 1003 probabilitatem

289 1016 363 1047 licet
379 1025 549 1056 emergere.
587 1015 670 1047 nolle
696 1026 729 1047 se
752 1016 909 1056 explicare
926 1016 1104 1047 Heraclitus
1121 1016 1175 1047 illo
1200 1016 1270 1047 1000
1287 1015 1451 1056 profitetur
1466 1015 1562 1046 inter-

289 1071 518 1109 pretamentum
535 1068 742 1109 allegoricum
767 1069 904 1108 Iunonis,
930 1069 1013 1109 quod
1038 1069 1069 1100 in
1094 1069 1274 1100 inferiorem
1297 1069 1401 1100 locum
1421 1070 1561 1108 praestet

287 1122 454 1161 reservari,
479 1121 535 1152 sed
559 1132 598 1153 ne
613 1125 720 1152 careat
744 1123 887 1163 exemplo
904 1132 965 1162 res,
992 1132 1073 1162 quae
1091 1122 1131 1153 sit
1148 1122 1179 1153 in
1197 1121 1351 1161 manibus,
1377 1131 1410 1152 se
1428 1121 1560 1152 alteram

289 1175 430 1206 eiusdem
455 1175 579 1215 generis
602 1175 893 1216 interpretationem
911 1175 942 1205 in
959 1175 1043 1206 illius
1060 1175 1163 1206 locum
1181 1175 1430 1205 substituturum.
1463 1173 1561 1213 quid?

288 1237 362 1258 num
387 1228 501 1258 certius
527 1228 620 1258 etiam
652 1228 807 1258 immutati
838 1228 956 1259 ordinis
983 1228 1131 1259 indicium
1160 1237 1325 1268 possumus
1350 1227 1561 1268 exspectare?

289 1291 329 1311 an
352 1291 415 1311 non
439 1280 565 1320 planum
590 1284 638 1312 est
661 1291 722 1311 11011
746 1281 810 1312 alia
832 1291 866 1312 re
892 1284 1079 1312 commotum
1103 1281 1297 1312 Heraclitum
1322 1290 1402 1320 esse,
1435 1283 1469 1310 ut
1497 1280 1559 1310 iam

288 1334 337 1365 1110
374 1337 642 1372 commemoraret,
679 1344 759 1373 quae
791 1334 947 1375 posterius
984 1338 1067 1365 esset
1103 1335 1341 1375 explanaturus,
1380 1333 1441 1364 nisi
1477 1332 1560 1372 quod

289 1387 445 1418 artissimo
470 1387 593 1418 vinculo
618 1387 689 1418 illos
714 1387 799 1418 locos
824 1388 1028 1418 cohaerentes
1053 1391 1083 1418 et
1108 1387 1138 1418 iu
1167 1397 1230 1417 una
1253 1386 1426 1425 eademque
1451 1395 1561 1416 narra-

288 1440 381 1471 tionis
405 1443 494 1480 parte
519 1439 691 1480 explicatos
716 1444 788 1471 ante
806 1440 912 1471 oculos
930 1440 1087 1470 habebat?
1134 1449 1214 1479 quae
1239 1438 1416 1469 coniunctio
1442 1441 1560 1477 quanta

289 1502 444 1532 quamque
469 1495 539 1523 arta
562 1493 664 1531 luerit,
699 1492 840 1523 declarat
864 1492 957 1523 etiam
986 1495 1079 1532 caput
1103 1493 1154 1530 40,
1189 1492 1220 1522 in
1251 1500 1310 1530 quo
1334 1491 1410 1521 Iuno
1442 1500 1462 1521 a
1484 1490 1560 1521 Iove

288 1556 442 1586 suspensa
477 1545 551 1585 quid
586 1546 750 1585 significet,
785 1546 843 1576 1100
876 1545 968 1577 modo
1009 1545 1196 1586 explicatur:
1234 1544 1351 1585 λέληθε
1387 1542 1415 1574 ὁ)
1447 1541 1563 1580 αὐτούς

289 1599 430 1636 (Homeri
462 1599 712 1639 obtrectatores),
748 1596 797 1629 ὅτι
828 1598 954 1635 τούτοις
985 1603 1051 1635 τοῖς
1084 1597 1192 1628 ἔπεσιν
1216 1599 1254 1637 (O
1281 1598 1422 1636 18—21)
1455 1594 1472 1638 ἡ
1504 1598 1561 1626 τοῦ

287 1652 408 1689 παντὸς
431 1650 692 1693 ἑκτεθεολόγ1)ται
715 1654 833 1691 γένεσις
856 1651 909 1681 καὶ
933 1651 972 1682 τὰ
997 1654 1132 1690 συνεχῶς
1156 1649 1293 1692 ᾀδόμενα
1318 1651 1452 1690 τέτταρα
1476 1659 1559 1679 στοι-

288 1710 371 1744 zela·
397 1703 517 1735 τούτων
540 1705 602 1734 τιῦν
625 1706 742 1743 στίχων
765 1703 831 1735 ἐστὶ
847 1703 946 1742 τάξις,
965 1703 1116 1745 καθάπερ
1133 1702 1193 1744 ἤδη
1216 1714 1270 1742 μοι
1287 1703 1446 1732 λέλεκται·
1471 1703 1557 1740 προ]-

288 1769 340 1794 τος
367 1756 465 1799 (tl-959
499 1757 551 1788 καὶ
581 1757 662 1796 μετὰ
694 1758 804 1787 ’τοῦτον
836 1754 903 1799 ἀήρ,
937 1754 1002 1787 εἶθ’
1038 1755 1118 1797 ὕδωρ
1147 1756 1200 1786 καὶ
1228 1758 1265 1797 γῆ
1295 1755 1460 1785 τελευταία
1495 1753 1560 1784 κτλ.

288 1811 366 1842 11380
391 1811 431 1841 ad
455 1811 620 1851 superiora
644 1811 706 1849 illa,
736 1820 816 1850 quae
841 1810 932 1840 modo
954 1809 1125 1848 attulimus,
1160 1808 1317 1848 respicere
1335 1809 1478 1848 apertum
1503 1808 1561 1837 est.

289 1866 460 1903 sequuntur
484 1868 586 1894 autem
613 1864 695 1904 apud
721 1863 913 1894 Heraclitum
946 1873 972 1893 c.
995 1864 1033 1893 41
1060 1861 1232 1901 allegoriae
1266 1861 1346 1891 duae
1380 1868 1460 1898 quae
1490 1868 1559 1889 cum

288 1917 502 1957 superioribus
528 1920 558 1947 et
582 1917 650 1947 1000
675 1919 746 1947 811111
770 1921 801 1947 et
825 1918 1009 1955 argumento
1035 1914 1114 1945 adeo
1144 1914 1337 1951 coniunctae,
1369 1916 1402 1942 ut
1427 1911 1560 1942 eandem

289 1980 396 2001 omnes
421 1969 527 2000 sedem
552 1970 690 2000 tenuisse
715 1973 831 2009 pateat.
880 1978 939 2007 quo
974 1968 1103 2006 accedit,
1137 1967 1218 2007 quod
1250 1966 1334 2006 apud
1358 1964 1560 1995 Plutarchum

289 2032 412 2062 quoque
438 2032 517 2062 pers.
535 2022 643 2052 harum
662 2022 753 2052 trium
771 2021 1060 2061 interpretationum
1079 2020 1159 2050 duae
1182 2020 1292 2050 saltem
1309 2037 1350 2040 -
1367 2018 1460 2048 tertia
1477 2017 1560 2048 enim

289 2075 447 2106 intercidit
470 2093 511 2097 —
536 2074 631 2114 plane
656 2075 765 2105 codem
791 2078 884 2113 atque
902 2073 985 2113 apud
1002 2073 1194 2104 Heraclitum
1216 2072 1324 2102 ordine
1341 2080 1374 2101 se
1392 2070 1559 2110 excipiunt.

289 2138 419 2167 quarum
455 2138 516 2158 uua
549 2127 673 2166 quidem
706 2127 810 2166 agitur
841 2127 878 2157 de
903 2126 1029 2156 Iunonis
1062 2125 1194 2156 vinculis
1226 2125 1256 2155 in
1288 2135 1361 2155 aere
1387 2133 1561 2165 suspensae

289 2183 327 2219 (c.
346 2182 411 2221 97),
437 2180 537 2211 altera
562 2180 599 2210 (18
625 2181 725 2210 tribus
749 2180 854 2219 reguis
878 2179 959 2209 iuter
984 2179 1089 2209 lovem
1107 2178 1285 2218 Neptunum
1306 2178 1411 2208 Ditem
1438 2180 1561 2218 patrem
