<?xml version="1.0" encoding="UTF-8"?>
<!DOCTYPE html PUBLIC "-//W3C//DTD XHTML 1.0 Transitional//EN"
    "http://www.w3.org/TR/xhtml1/DTD/xhtml1-transitional.dtd">
<html xmlns="http://www.w3.org/1999/xhtml" xml:lang="en" lang="en">
 <head>
  <title>
</title>
<meta http-equiv="Content-Type" content="text/html;charset=utf-8" />
  <meta name='ocr-system' content='tesseract 3.04.00' />
  <meta name='ocr-capabilities' content='ocr_page ocr_carea ocr_par ocr_line ocrx_word'/>
</head>
<body>
  <div class='ocr_page' id='page_1' title='image "./degraecorumtheol00reinuoft_0100.png"; bbox 0 0 1697 2530; ppageno 0'>
   <div class='ocr_carea' id='block_1_1' title="bbox 894 165 935 194">
    <p class='ocr_par' dir='ltr' id='par_1_1' title="bbox 894 165 935 194">
     <span class='ocr_line' id='line_1_1' title="bbox 894 165 935 194; baseline 0 0"><span class='ocrx_word' id='word_1_1' title='bbox 894 165 935 194; x_wconf 88' lang='grc'>90</span> 
     </span>
    </p>
   </div>
   <div class='ocr_carea' id='block_1_2' title="bbox 273 265 1549 2214">
    <p class='ocr_par' dir='ltr' id='par_1_2' title="bbox 434 265 1239 310">
     <span class='ocr_line' id='line_1_2' title="bbox 434 265 1239 310; baseline 0.002 -12"><span class='ocrx_word' id='word_1_2' title='bbox 434 265 502 299; x_wconf 79' lang='grc' dir='ltr'><em>άπὸ</em></span> <span class='ocrx_word' id='word_1_3' title='bbox 527 266 674 306; x_wconf 81' lang='grc' dir='ltr'><em>κυμάτων</em></span> <span class='ocrx_word' id='word_1_4' title='bbox 697 266 796 309; x_wconf 74' lang='grc' dir='ltr'><em>νήσων</em></span> <span class='ocrx_word' id='word_1_5' title='bbox 819 279 852 299; x_wconf 84' lang='grc' dir='ltr'>τε</span> <span class='ocrx_word' id='word_1_6' title='bbox 876 268 1040 310; x_wconf 79' lang='grc' dir='ltr'><em>σπηλαίων</em></span> <span class='ocrx_word' id='word_1_7' title='bbox 1062 272 1239 310; x_wconf 82' lang='grc' dir='ltr'><em>ταχυτῆτος</em></span> 
     </span>
    </p>

    <p class='ocr_par' dir='ltr' id='par_1_3' title="bbox 434 318 1268 363">
     <span class='ocr_line' id='line_1_3' title="bbox 434 318 1268 363; baseline 0.004 -13"><span class='ocrx_word' id='word_1_8' title='bbox 434 319 510 357; x_wconf 78' lang='grc' dir='ltr'><em>ἁλὸς</em></span> <span class='ocrx_word' id='word_1_9' title='bbox 533 318 639 351; x_wconf 64' lang='lat' dir='ltr'>dauon</span> <span class='ocrx_word' id='word_1_10' title='bbox 661 332 693 351; x_wconf 85' lang='grc' dir='ltr'>τε</span> <span class='ocrx_word' id='word_1_11' title='bbox 717 321 771 351; x_wconf 88' lang='grc' dir='ltr'><em>καὶ</em></span> <span class='ocrx_word' id='word_1_12' title='bbox 795 321 911 360; x_wconf 78' lang='grc' dir='ltr'><em>λιμνῶν</em></span> <span class='ocrx_word' id='word_1_13' title='bbox 934 321 987 352; x_wconf 84' lang='grc' dir='ltr'><em>καὶ</em></span> <span class='ocrx_word' id='word_1_14' title='bbox 1011 320 1128 359; x_wconf 74' lang='grc' dir='ltr'><em>δόσεως</em></span> <span class='ocrx_word' id='word_1_15' title='bbox 1149 324 1268 363; x_wconf 83' lang='grc' dir='ltr'><em>μυρίων</em></span> 
     </span>
    </p>

    <p class='ocr_par' dir='ltr' id='par_1_4' title="bbox 434 372 1370 627">
     <span class='ocr_line' id='line_1_4' title="bbox 434 372 1370 415; baseline 0.003 -12"><span class='ocrx_word' id='word_1_16' title='bbox 434 372 468 403; x_wconf 72' lang='grc' dir='ltr'>ἔκ</span> <span class='ocrx_word' id='word_1_17' title='bbox 491 384 524 404; x_wconf 79' lang='grc' dir='ltr'>τε</span> <span class='ocrx_word' id='word_1_18' title='bbox 548 376 604 403; x_wconf 53' lang='grc' dir='ltr'>’τοῦ</span> <span class='ocrx_word' id='word_1_19' title='bbox 628 374 755 413; x_wconf 79' lang='grc' dir='ltr'><em>πρῶτον</em></span> <span class='ocrx_word' id='word_1_20' title='bbox 779 376 841 404; x_wconf 83' lang='grc' dir='ltr'><em>τιῡν</em></span> <span class='ocrx_word' id='word_1_21' title='bbox 864 373 986 404; x_wconf 79' lang='grc' dir='ltr'><em>λοιπῶν</em></span> <span class='ocrx_word' id='word_1_22' title='bbox 1011 376 1172 413; x_wconf 76' lang='grc' dir='ltr'><em>στοιχείων</em></span> <span class='ocrx_word' id='word_1_23' title='bbox 1195 377 1370 415; x_wconf 79' lang='grc' dir='ltr'><em>πεφυκέναι</em></span> 
     </span>
     <span class='ocr_line' id='line_1_5' title="bbox 434 425 1316 467; baseline 0.003 -11"><span class='ocrx_word' id='word_1_24' title='bbox 434 426 487 456; x_wconf 83' lang='grc' dir='ltr'><em>καὶ</em></span> <span class='ocrx_word' id='word_1_25' title='bbox 509 429 614 467; x_wconf 78' lang='grc' dir='ltr'><em>φέρειν</em></span> <span class='ocrx_word' id='word_1_26' title='bbox 634 427 692 463; x_wconf 82' lang='grc' dir='ltr'>τὰς</span> <span class='ocrx_word' id='word_1_27' title='bbox 718 425 855 464; x_wconf 74' lang='grc' dir='ltr'><em>ὁλκάδας</em></span> <span class='ocrx_word' id='word_1_28' title='bbox 876 427 910 458; x_wconf 77' lang='grc' dir='ltr'>δὲ</span> <span class='ocrx_word' id='word_1_29' title='bbox 932 427 984 457; x_wconf 84' lang='grc' dir='ltr'><em>καὶ</em></span> <span class='ocrx_word' id='word_1_30' title='bbox 1010 427 1142 459; x_wconf 78' lang='grc' dir='ltr'><em>δυνατὸν</em></span> <span class='ocrx_word' id='word_1_31' title='bbox 1162 428 1260 459; x_wconf 82' lang='grc' dir='ltr'><em>τελεῖν</em></span> <span class='ocrx_word' id='word_1_32' title='bbox 1283 428 1316 459; x_wconf 81' lang='grc' dir='ltr'>δὲ</span> 
     </span>
     <span class='ocr_line' id='line_1_6' title="bbox 435 478 1313 522; baseline 0.002 -13"><span class='ocrx_word' id='word_1_33' title='bbox 435 478 603 521; x_wconf 79' lang='grc' dir='ltr'><em>δεξαμενὴν</em></span> <span class='ocrx_word' id='word_1_34' title='bbox 626 479 792 520; x_wconf 80' lang='grc' dir='ltr'><em>τυγχάνειν</em></span> <span class='ocrx_word' id='word_1_35' title='bbox 815 480 848 510; x_wconf 76' lang='grc' dir='ltr'>δὲ</span> <span class='ocrx_word' id='word_1_36' title='bbox 873 480 927 510; x_wconf 81' lang='grc' dir='ltr'><em>καὶ</em></span> <span class='ocrx_word' id='word_1_37' title='bbox 950 482 1106 520; x_wconf 67' lang='grc' dir='ltr'><em>νέμεσθαι</em></span> <span class='ocrx_word' id='word_1_38' title='bbox 1129 478 1313 522; x_wconf 72' lang='grc' dir='ltr'><em>ἣπλῶσθαι,</em></span> 
     </span>
     <span class='ocr_line' id='line_1_7' title="bbox 435 530 1264 574; baseline 0.001 -12"><span class='ocrx_word' id='word_1_39' title='bbox 435 530 554 563; x_wconf 78' lang='grc' dir='ltr'><em>ὁπόσαι</em></span> <span class='ocrx_word' id='word_1_40' title='bbox 578 543 612 562; x_wconf 73' lang='grc' dir='ltr'>τε</span> <span class='ocrx_word' id='word_1_41' title='bbox 635 537 702 569; x_wconf 82' lang='grc' dir='ltr'><em>τοῖς</em></span> <span class='ocrx_word' id='word_1_42' title='bbox 726 530 836 562; x_wconf 72' lang='grc' dir='ltr'><em>ὕδασιν</em></span> <span class='ocrx_word' id='word_1_43' title='bbox 859 530 1050 573; x_wconf 80' lang='grc' dir='ltr'><em>άρμόζουσιν</em></span> <span class='ocrx_word' id='word_1_44' title='bbox 1073 533 1106 563; x_wconf 79' lang='grc' dir='ltr'><em>αἱ</em></span> <span class='ocrx_word' id='word_1_45' title='bbox 1131 531 1264 574; x_wconf 81' lang='grc' dir='ltr'><em>κλήσεις,</em></span> 
     </span>
     <span class='ocr_line' id='line_1_8' title="bbox 434 583 1360 627; baseline 0.002 -12"><span class='ocrx_word' id='word_1_46' title='bbox 434 583 553 626; x_wconf 71' lang='grc' dir='ltr'><em>κᾶνπερ</em></span> <span class='ocrx_word' id='word_1_47' title='bbox 576 585 658 622; x_wconf 76' lang='grc' dir='ltr'><em>τινὲς</em></span> <span class='ocrx_word' id='word_1_48' title='bbox 682 588 877 626; x_wconf 64' lang='grc' dir='ltr'><em>προσέθεντο</em></span> <span class='ocrx_word' id='word_1_49' title='bbox 901 586 953 616; x_wconf 81' lang='grc' dir='ltr'><em>καὶ</em></span> <span class='ocrx_word' id='word_1_50' title='bbox 978 587 1105 624; x_wconf 84' lang='grc' dir='ltr'><em>στίχους</em></span> <span class='ocrx_word' id='word_1_51' title='bbox 1128 583 1360 627; x_wconf 70' lang='grc' dir='ltr'><em>ἀπροσφόρους.</em></span> 
     </span>
    </p>

    <p class='ocr_par' dir='ltr' id='par_1_5' title="bbox 273 637 1549 1526">
     <span class='ocr_line' id='line_1_9' title="bbox 364 637 1548 680; baseline 0.001 -12"><span class='ocrx_word' id='word_1_52' title='bbox 364 637 449 669; x_wconf 89' lang='lat' dir='ltr'>Ordo</span> <span class='ocrx_word' id='word_1_53' title='bbox 473 648 577 669; x_wconf 87' lang='lat' dir='ltr'>rerum</span> <span class='ocrx_word' id='word_1_54' title='bbox 602 649 671 670; x_wconf 88' lang='lat' dir='ltr'>cum</span> <span class='ocrx_word' id='word_1_55' title='bbox 696 639 727 669; x_wconf 92' lang='lat' dir='ltr'>in</span> <span class='ocrx_word' id='word_1_56' title='bbox 745 639 924 670; x_wconf 88' lang='lat' dir='ltr'>universum</span> <span class='ocrx_word' id='word_1_57' title='bbox 946 639 1073 678; x_wconf 90' lang='lat' dir='ltr'>quidem</span> <span class='ocrx_word' id='word_1_58' title='bbox 1090 639 1172 670; x_wconf 92' lang='lat' dir='ltr'>idem</span> <span class='ocrx_word' id='word_1_59' title='bbox 1190 639 1229 669; x_wconf 89' lang='lat' dir='ltr'>sit</span> <span class='ocrx_word' id='word_1_60' title='bbox 1246 638 1332 680; x_wconf 90' lang='lat' dir='ltr'>apud</span> <span class='ocrx_word' id='word_1_61' title='bbox 1349 638 1548 669; x_wconf 85' lang='lat' dir='ltr'>Eustathium</span> 
     </span>
     <span class='ocr_line' id='line_1_10' title="bbox 275 691 1547 732; baseline 0 -10"><span class='ocrx_word' id='word_1_62' title='bbox 275 694 371 731; x_wconf 76' lang='lat' dir='ltr'>atque</span> <span class='ocrx_word' id='word_1_63' title='bbox 402 691 488 732; x_wconf 88' lang='lat' dir='ltr'>apud</span> <span class='ocrx_word' id='word_1_64' title='bbox 519 692 674 731; x_wconf 85' lang='lat' dir='ltr'>Tzetzem,</span> <span class='ocrx_word' id='word_1_65' title='bbox 707 695 812 723; x_wconf 86' lang='lat' dir='ltr'>tamen</span> <span class='ocrx_word' id='word_1_66' title='bbox 845 691 961 732; x_wconf 82' lang='lat' dir='ltr'>duplex</span> <span class='ocrx_word' id='word_1_67' title='bbox 992 692 1157 723; x_wconf 76' lang='lat' dir='ltr'>intercedit</span> <span class='ocrx_word' id='word_1_68' title='bbox 1182 691 1403 732; x_wconf 77' lang='lat' dir='ltr'>discrepantia,</span> <span class='ocrx_word' id='word_1_69' title='bbox 1436 692 1547 727; x_wconf 87' lang='lat' dir='ltr'>altera,</span> 
     </span>
     <span class='ocr_line' id='line_1_11' title="bbox 275 743 1547 786; baseline 0.001 -12"><span class='ocrx_word' id='word_1_70' title='bbox 275 744 359 784; x_wconf 92' lang='lat' dir='ltr'>quod</span> <span class='ocrx_word' id='word_1_71' title='bbox 382 744 568 784; x_wconf 85' lang='lat' dir='ltr'>veriloquia,</span> <span class='ocrx_word' id='word_1_72' title='bbox 594 755 675 784; x_wconf 89' lang='lat' dir='ltr'>quae</span> <span class='ocrx_word' id='word_1_73' title='bbox 700 745 739 775; x_wconf 87' lang='lat' dir='ltr'>ad</span> <span class='ocrx_word' id='word_1_74' title='bbox 764 745 886 776; x_wconf 85' lang='lat' dir='ltr'>colores</span> <span class='ocrx_word' id='word_1_75' title='bbox 904 745 1070 786; x_wconf 74' lang='lat' dir='ltr'>pertinent,</span> <span class='ocrx_word' id='word_1_76' title='bbox 1095 745 1180 785; x_wconf 91' lang='lat' dir='ltr'>apud</span> <span class='ocrx_word' id='word_1_77' title='bbox 1198 745 1393 776; x_wconf 85' lang='lat' dir='ltr'>Eustathium</span> <span class='ocrx_word' id='word_1_78' title='bbox 1409 743 1547 775; x_wconf 91' lang='lat' dir='ltr'>medium</span> 
     </span>
     <span class='ocr_line' id='line_1_12' title="bbox 274 797 1548 838; baseline 0.001 -11"><span class='ocrx_word' id='word_1_79' title='bbox 274 797 350 837; x_wconf 76' lang='lat' dir='ltr'>fere,</span> <span class='ocrx_word' id='word_1_80' title='bbox 377 797 460 838; x_wconf 87' lang='lat' dir='ltr'>apud</span> <span class='ocrx_word' id='word_1_81' title='bbox 478 799 623 829; x_wconf 83' lang='lat' dir='ltr'>Tzetzen]</span> <span class='ocrx_word' id='word_1_82' title='bbox 641 798 773 838; x_wconf 84' lang='lat' dir='ltr'>primum</span> <span class='ocrx_word' id='word_1_83' title='bbox 792 798 895 828; x_wconf 86' lang='lat' dir='ltr'>locum</span> <span class='ocrx_word' id='word_1_84' title='bbox 918 801 1080 838; x_wconf 85' lang='lat' dir='ltr'>occupant.</span> <span class='ocrx_word' id='word_1_85' title='bbox 1121 798 1152 829; x_wconf 93' lang='lat' dir='ltr'>in</span> <span class='ocrx_word' id='word_1_86' title='bbox 1170 808 1229 837; x_wconf 88' lang='lat' dir='ltr'>quo</span> <span class='ocrx_word' id='word_1_87' title='bbox 1247 802 1351 829; x_wconf 88' lang='lat' dir='ltr'>tamen</span> <span class='ocrx_word' id='word_1_88' title='bbox 1369 797 1548 828; x_wconf 82' lang='lat' dir='ltr'>discrimine</span> 
     </span>
     <span class='ocr_line' id='line_1_13' title="bbox 273 850 1548 890; baseline 0.001 -10"><span class='ocrx_word' id='word_1_89' title='bbox 273 860 336 880; x_wconf 92' lang='lat' dir='ltr'>non</span> <span class='ocrx_word' id='word_1_90' title='bbox 361 853 559 890; x_wconf 87' lang='lat' dir='ltr'>potestesse</span> <span class='ocrx_word' id='word_1_91' title='bbox 590 850 728 889; x_wconf 89' lang='lat' dir='ltr'>dubium,</span> <span class='ocrx_word' id='word_1_92' title='bbox 762 850 835 889; x_wconf 87' lang='lat' dir='ltr'>quin</span> <span class='ocrx_word' id='word_1_93' title='bbox 867 850 1029 889; x_wconf 85' lang='lat' dir='ltr'>antiquum</span> <span class='ocrx_word' id='word_1_94' title='bbox 1062 854 1092 881; x_wconf 92' lang='lat' dir='ltr'>et</span> <span class='ocrx_word' id='word_1_95' title='bbox 1125 851 1293 890; x_wconf 83' lang='lat' dir='ltr'>genuinum</span> <span class='ocrx_word' id='word_1_96' title='bbox 1319 850 1460 881; x_wconf 84' lang='lat' dir='ltr'>ordinem</span> <span class='ocrx_word' id='word_1_97' title='bbox 1484 860 1548 882; x_wconf 85' lang='lat' dir='ltr'>ser—</span> 
     </span>
     <span class='ocr_line' id='line_1_14' title="bbox 274 903 1548 943; baseline 0.001 -10"><span class='ocrx_word' id='word_1_98' title='bbox 274 903 354 934; x_wconf 88' lang='lat' dir='ltr'>verit</span> <span class='ocrx_word' id='word_1_99' title='bbox 377 903 518 941; x_wconf 84' lang='lat' dir='ltr'>Tzetzes,</span> <span class='ocrx_word' id='word_1_100' title='bbox 551 903 699 942; x_wconf 85' lang='lat' dir='ltr'>quoniam</span> <span class='ocrx_word' id='word_1_101' title='bbox 725 903 808 943; x_wconf 89' lang='lat' dir='ltr'>apud</span> <span class='ocrx_word' id='word_1_102' title='bbox 833 903 964 934; x_wconf 86' lang='lat' dir='ltr'>alterum</span> <span class='ocrx_word' id='word_1_103' title='bbox 990 903 1066 934; x_wconf 85' lang='lat' dir='ltr'>haec</span> <span class='ocrx_word' id='word_1_104' title='bbox 1092 903 1162 943; x_wconf 84' lang='lat' dir='ltr'>ipsa</span> <span class='ocrx_word' id='word_1_105' title='bbox 1185 903 1361 942; x_wconf 85' lang='lat' dir='ltr'>veriloquia</span> <span class='ocrx_word' id='word_1_106' title='bbox 1394 913 1548 934; x_wconf 82' lang='lat' dir='ltr'>conexum</span> 
     </span>
     <span class='ocr_line' id='line_1_15' title="bbox 275 955 1549 996; baseline 0 -10"><span class='ocrx_word' id='word_1_107' title='bbox 275 956 425 987; x_wconf 86' lang='lat' dir='ltr'>orationis</span> <span class='ocrx_word' id='word_1_108' title='bbox 450 956 687 996; x_wconf 79' lang='lat' dir='ltr'>interrumpunt.</span> <span class='ocrx_word' id='word_1_109' title='bbox 736 956 880 995; x_wconf 86' lang='lat' dir='ltr'>alterum,</span> <span class='ocrx_word' id='word_1_110' title='bbox 905 957 936 987; x_wconf 93' lang='lat' dir='ltr'>in</span> <span class='ocrx_word' id='word_1_111' title='bbox 962 966 1024 995; x_wconf 91' lang='lat' dir='ltr'>quo</span> <span class='ocrx_word' id='word_1_112' title='bbox 1050 956 1242 995; x_wconf 83' lang='lat' dir='ltr'>discordant,</span> <span class='ocrx_word' id='word_1_113' title='bbox 1273 955 1351 987; x_wconf 91' lang='lat' dir='ltr'>illud</span> <span class='ocrx_word' id='word_1_114' title='bbox 1380 960 1434 991; x_wconf 81' lang='lat' dir='ltr'>est,</span> <span class='ocrx_word' id='word_1_115' title='bbox 1466 956 1549 996; x_wconf 89' lang='lat' dir='ltr'>quod</span> 
     </span>
     <span class='ocr_line' id='line_1_16' title="bbox 275 1006 1549 1048; baseline 0.001 -9"><span class='ocrx_word' id='word_1_116' title='bbox 275 1008 404 1039; x_wconf 83' lang='lat' dir='ltr'>nomina</span> <span class='ocrx_word' id='word_1_117' title='bbox 420 1007 524 1048; x_wconf 78' lang='grc' dir='ltr'><em>Ἴαιρα</em></span> <span class='ocrx_word' id='word_1_118' title='bbox 548 1006 691 1039; x_wconf 79' lang='grc' dir='ltr'><em>Ἰάνασσα</em></span> <span class='ocrx_word' id='word_1_119' title='bbox 715 1006 845 1048; x_wconf 78' lang='grc' dir='ltr'><em>Ἰάνειρα</em></span> <span class='ocrx_word' id='word_1_120' title='bbox 869 1019 889 1039; x_wconf 87' lang='lat' dir='ltr'>a</span> <span class='ocrx_word' id='word_1_121' title='bbox 906 1010 1019 1040; x_wconf 84' lang='lat' dir='ltr'>Tzetze</span> <span class='ocrx_word' id='word_1_122' title='bbox 1045 1012 1128 1039; x_wconf 90' lang='lat' dir='ltr'>certe</span> <span class='ocrx_word' id='word_1_123' title='bbox 1153 1019 1214 1039; x_wconf 89' lang='lat' dir='ltr'>non</span> <span class='ocrx_word' id='word_1_124' title='bbox 1240 1009 1357 1039; x_wconf 89' lang='lat' dir='ltr'>omissa</span> <span class='ocrx_word' id='word_1_125' title='bbox 1381 1012 1496 1048; x_wconf 82' lang='lat' dir='ltr'>essent,</span> <span class='ocrx_word' id='word_1_126' title='bbox 1522 1009 1549 1040; x_wconf 88' lang='lat' dir='ltr'>si</span> 
     </span>
     <span class='ocr_line' id='line_1_17' title="bbox 275 1061 1547 1102; baseline 0 -10"><span class='ocrx_word' id='word_1_127' title='bbox 275 1061 407 1093; x_wconf 87' lang='lat' dir='ltr'>candem</span> <span class='ocrx_word' id='word_1_128' title='bbox 441 1062 531 1093; x_wconf 86' lang='lat' dir='ltr'>huius</span> <span class='ocrx_word' id='word_1_129' title='bbox 563 1062 594 1092; x_wconf 90' lang='lat' dir='ltr'>in</span> <span class='ocrx_word' id='word_1_130' title='bbox 631 1062 777 1102; x_wconf 81' lang='lat' dir='ltr'>exemplo</span> <span class='ocrx_word' id='word_1_131' title='bbox 813 1062 997 1093; x_wconf 79' lang='lat' dir='ltr'>habuissent</span> <span class='ocrx_word' id='word_1_132' title='bbox 1032 1062 1150 1098; x_wconf 89' lang='lat' dir='ltr'>sedem,</span> <span class='ocrx_word' id='word_1_133' title='bbox 1186 1072 1280 1101; x_wconf 82' lang='lat' dir='ltr'>quain</span> <span class='ocrx_word' id='word_1_134' title='bbox 1312 1061 1428 1093; x_wconf 89' lang='lat' dir='ltr'>habent</span> <span class='ocrx_word' id='word_1_135' title='bbox 1462 1062 1547 1102; x_wconf 85' lang='lat' dir='ltr'>apud</span> 
     </span>
     <span class='ocr_line' id='line_1_18' title="bbox 274 1115 1547 1155; baseline -0.001 -9"><span class='ocrx_word' id='word_1_136' title='bbox 274 1115 482 1146; x_wconf 83' lang='lat' dir='ltr'>Eustathium.</span> <span class='ocrx_word' id='word_1_137' title='bbox 519 1115 603 1154; x_wconf 89' lang='lat' dir='ltr'>quod</span> <span class='ocrx_word' id='word_1_138' title='bbox 627 1115 653 1146; x_wconf 88' lang='lat' dir='ltr'>si</span> <span class='ocrx_word' id='word_1_139' title='bbox 677 1115 723 1146; x_wconf 89' lang='lat' dir='ltr'>ita</span> <span class='ocrx_word' id='word_1_140' title='bbox 745 1118 801 1154; x_wconf 81' lang='lat' dir='ltr'>est,</span> <span class='ocrx_word' id='word_1_141' title='bbox 827 1115 876 1146; x_wconf 89' lang='lat' dir='ltr'>hie</span> <span class='ocrx_word' id='word_1_142' title='bbox 901 1125 1024 1154; x_wconf 88' lang='lat' dir='ltr'>quoque</span> <span class='ocrx_word' id='word_1_143' title='bbox 1048 1115 1189 1146; x_wconf 84' lang='lat' dir='ltr'>ordinem</span> <span class='ocrx_word' id='word_1_144' title='bbox 1206 1118 1343 1146; x_wconf 83' lang='lat' dir='ltr'>mutasse</span> <span class='ocrx_word' id='word_1_145' title='bbox 1368 1115 1547 1155; x_wconf 84' lang='lat' dir='ltr'>coarguitur</span> 
     </span>
     <span class='ocr_line' id='line_1_19' title="bbox 274 1167 1545 1208; baseline 0 -10"><span class='ocrx_word' id='word_1_146' title='bbox 274 1168 467 1198; x_wconf 85' lang='lat' dir='ltr'>Eustathius.</span> <span class='ocrx_word' id='word_1_147' title='bbox 515 1178 572 1199; x_wconf 85' lang='lat' dir='ltr'>nec</span> <span class='ocrx_word' id='word_1_148' title='bbox 598 1168 724 1199; x_wconf 77' lang='lat' dir='ltr'>difficile</span> <span class='ocrx_word' id='word_1_149' title='bbox 750 1172 917 1208; x_wconf 83' lang='lat' dir='ltr'>perspectu</span> <span class='ocrx_word' id='word_1_150' title='bbox 942 1172 997 1207; x_wconf 89' lang='lat' dir='ltr'>est,</span> <span class='ocrx_word' id='word_1_151' title='bbox 1023 1178 1115 1207; x_wconf 78' lang='lat' dir='ltr'>quain</span> <span class='ocrx_word' id='word_1_152' title='bbox 1133 1168 1240 1198; x_wconf 87' lang='lat' dir='ltr'>sedem</span> <span class='ocrx_word' id='word_1_153' title='bbox 1256 1167 1312 1198; x_wconf 86' lang='lat' dir='ltr'>illa</span> <span class='ocrx_word' id='word_1_154' title='bbox 1327 1168 1455 1199; x_wconf 89' lang='lat' dir='ltr'>nomina</span> <span class='ocrx_word' id='word_1_155' title='bbox 1471 1167 1545 1198; x_wconf 91' lang='lat' dir='ltr'>olim</span> 
     </span>
     <span class='ocr_line' id='line_1_20' title="bbox 274 1219 1546 1260; baseline 0 -9"><span class='ocrx_word' id='word_1_156' title='bbox 274 1221 451 1252; x_wconf 85' lang='lat' dir='ltr'>habuerint.</span> <span class='ocrx_word' id='word_1_157' title='bbox 487 1221 651 1260; x_wconf 82' lang='lat' dir='ltr'>distinguit</span> <span class='ocrx_word' id='word_1_158' title='bbox 676 1221 796 1252; x_wconf 84' lang='lat' dir='ltr'>scilicet</span> <span class='ocrx_word' id='word_1_159' title='bbox 819 1221 1001 1252; x_wconf 87' lang='lat' dir='ltr'>Eustathius</span> <span class='ocrx_word' id='word_1_160' title='bbox 1026 1221 1107 1251; x_wconf 84' lang='lat' dir='ltr'>inter</span> <span class='ocrx_word' id='word_1_161' title='bbox 1131 1220 1209 1251; x_wconf 85' lang='lat' dir='ltr'>duas</span> <span class='ocrx_word' id='word_1_162' title='bbox 1233 1230 1334 1260; x_wconf 86' lang='lat' dir='ltr'>aquae</span> <span class='ocrx_word' id='word_1_163' title='bbox 1358 1221 1485 1256; x_wconf 76' lang='lat' dir='ltr'>formas,</span> <span class='ocrx_word' id='word_1_164' title='bbox 1510 1219 1546 1251; x_wconf 79' lang='grc' dir='ltr'>τὸ</span> 
     </span>
     <span class='ocr_line' id='line_1_21' title="bbox 274 1270 1545 1315; baseline 0 -12"><span class='ocrx_word' id='word_1_165' title='bbox 274 1273 470 1312; x_wconf 81' lang='grc' dir='ltr'><em>στοιχειακὸν</em></span> <span class='ocrx_word' id='word_1_166' title='bbox 501 1272 583 1314; x_wconf 71' lang='grc' dir='ltr'><em>ὕδωρ</em></span> <span class='ocrx_word' id='word_1_167' title='bbox 616 1273 666 1303; x_wconf 80' lang='grc' dir='ltr'><em>καὶ</em></span> <span class='ocrx_word' id='word_1_168' title='bbox 692 1273 728 1304; x_wconf 79' lang='grc' dir='ltr'>τὸ</span> <span class='ocrx_word' id='word_1_169' title='bbox 752 1273 941 1304; x_wconf 70' lang='grc' dir='ltr'><em>θαλάσσιον.</em></span> <span class='ocrx_word' id='word_1_170' title='bbox 988 1273 1100 1313; x_wconf 87' lang='lat' dir='ltr'>quodsi</span> <span class='ocrx_word' id='word_1_171' title='bbox 1134 1273 1262 1304; x_wconf 82' lang='lat' dir='ltr'>nomina</span> <span class='ocrx_word' id='word_1_172' title='bbox 1293 1270 1403 1315; x_wconf 69' lang='grc' dir='ltr'><em>Ἀγαυή</em></span> <span class='ocrx_word' id='word_1_173' title='bbox 1431 1273 1545 1303; x_wconf 83' lang='grc' dir='ltr'><em>Καλλι-</em></span> 
     </span>
     <span class='ocr_line' id='line_1_22' title="bbox 273 1325 1545 1368; baseline 0 -12"><span class='ocrx_word' id='word_1_174' title='bbox 273 1325 394 1357; x_wconf 82' lang='grc' dir='ltr'><em>άνασσα</em></span> <span class='ocrx_word' id='word_1_175' title='bbox 412 1326 560 1368; x_wconf 74' lang='grc' dir='ltr'><em>Κλυμένη</em></span> <span class='ocrx_word' id='word_1_176' title='bbox 585 1337 648 1366; x_wconf 89' lang='lat' dir='ltr'>qua</span> <span class='ocrx_word' id='word_1_177' title='bbox 671 1327 792 1357; x_wconf 87' lang='lat' dir='ltr'>ratione</span> <span class='ocrx_word' id='word_1_178' title='bbox 818 1326 991 1358; x_wconf 85' lang='lat' dir='ltr'>derivanda</span> <span class='ocrx_word' id='word_1_179' title='bbox 1015 1326 1077 1357; x_wconf 84' lang='lat' dir='ltr'>sint</span> <span class='ocrx_word' id='word_1_180' title='bbox 1101 1326 1141 1357; x_wconf 87' lang='lat' dir='ltr'>ab</span> <span class='ocrx_word' id='word_1_181' title='bbox 1165 1327 1328 1365; x_wconf 88' lang='lat' dir='ltr'>elemento,</span> <span class='ocrx_word' id='word_1_182' title='bbox 1355 1326 1545 1367; x_wconf 83' lang='lat' dir='ltr'>explicatum</span> 
     </span>
     <span class='ocr_line' id='line_1_23' title="bbox 274 1379 1546 1420; baseline -0.002 -9"><span class='ocrx_word' id='word_1_183' title='bbox 274 1380 362 1411; x_wconf 90' lang='lat' dir='ltr'>vides</span> <span class='ocrx_word' id='word_1_184' title='bbox 379 1390 408 1420; x_wconf 91' lang='lat' dir='ltr'>p.</span> <span class='ocrx_word' id='word_1_185' title='bbox 430 1381 524 1418; x_wconf 76' lang='lat'>1131,</span> <span class='ocrx_word' id='word_1_186' title='bbox 545 1381 618 1419; x_wconf 89' lang='lat' dir='ltr'>lss.,</span> <span class='ocrx_word' id='word_1_187' title='bbox 644 1380 755 1410; x_wconf 86' lang='lat' dir='ltr'>eadem</span> <span class='ocrx_word' id='word_1_188' title='bbox 781 1380 820 1410; x_wconf 87' lang='lat' dir='ltr'>ad</span> <span class='ocrx_word' id='word_1_189' title='bbox 844 1389 931 1410; x_wconf 88' lang='lat' dir='ltr'>mare</span> <span class='ocrx_word' id='word_1_190' title='bbox 956 1379 1058 1410; x_wconf 85' lang='lat' dir='ltr'>relata</span> <span class='ocrx_word' id='word_1_191' title='bbox 1078 1379 1199 1420; x_wconf 83' lang='lat' dir='ltr'>reperis</span> <span class='ocrx_word' id='word_1_192' title='bbox 1216 1379 1248 1410; x_wconf 91' lang='lat' dir='ltr'>in</span> <span class='ocrx_word' id='word_1_193' title='bbox 1266 1389 1304 1410; x_wconf 85' lang='lat' dir='ltr'>ea</span> <span class='ocrx_word' id='word_1_194' title='bbox 1320 1382 1411 1419; x_wconf 89' lang='lat' dir='ltr'>parte</span> <span class='ocrx_word' id='word_1_195' title='bbox 1428 1379 1466 1410; x_wconf 88' lang='lat' dir='ltr'>de</span> <span class='ocrx_word' id='word_1_196' title='bbox 1483 1389 1546 1418; x_wconf 84' lang='lat' dir='ltr'>qua</span> 
     </span>
     <span class='ocr_line' id='line_1_24' title="bbox 275 1431 1546 1473; baseline -0.001 -10"><span class='ocrx_word' id='word_1_197' title='bbox 275 1433 463 1472; x_wconf 83' lang='lat' dir='ltr'>quaerimus,</span> <span class='ocrx_word' id='word_1_198' title='bbox 495 1432 567 1472; x_wconf 89' lang='lat' dir='ltr'>quid</span> <span class='ocrx_word' id='word_1_199' title='bbox 593 1435 698 1473; x_wconf 83' lang='lat' dir='ltr'>potest</span> <span class='ocrx_word' id='word_1_200' title='bbox 724 1442 794 1463; x_wconf 83' lang='lat' dir='ltr'>esse</span> <span class='ocrx_word' id='word_1_201' title='bbox 819 1432 1014 1472; x_wconf 85' lang='lat' dir='ltr'>probabilius</span> <span class='ocrx_word' id='word_1_202' title='bbox 1039 1442 1133 1471; x_wconf 88' lang='lat' dir='ltr'>quam</span> <span class='ocrx_word' id='word_1_203' title='bbox 1157 1431 1214 1462; x_wconf 85' lang='lat' dir='ltr'>has</span> <span class='ocrx_word' id='word_1_204' title='bbox 1239 1431 1316 1462; x_wconf 87' lang='lat' dir='ltr'>duas</span> <span class='ocrx_word' id='word_1_205' title='bbox 1341 1435 1448 1472; x_wconf 88' lang='lat' dir='ltr'>partes</span> <span class='ocrx_word' id='word_1_206' title='bbox 1472 1431 1546 1462; x_wconf 88' lang='lat' dir='ltr'>olim</span> 
     </span>
     <span class='ocr_line' id='line_1_25' title="bbox 274 1486 554 1526; baseline -0.004 -9"><span class='ocrx_word' id='word_1_207' title='bbox 274 1495 345 1517; x_wconf 87' lang='lat' dir='ltr'>sese</span> <span class='ocrx_word' id='word_1_208' title='bbox 369 1486 554 1526; x_wconf 76' lang='lat' dir='ltr'>excepisse?</span> 
     </span>
    </p>

    <p class='ocr_par' dir='ltr' id='par_1_6' title="bbox 273 1533 1548 2214">
     <span class='ocr_line' id='line_1_26' title="bbox 363 1533 1546 1581; baseline -0.001 -12"><span class='ocrx_word' id='word_1_209' title='bbox 363 1533 427 1570; x_wconf 82' lang='lat' dir='ltr'>S&#39;ed</span> <span class='ocrx_word' id='word_1_210' title='bbox 450 1539 513 1569; x_wconf 90' lang='lat' dir='ltr'>iam</span> <span class='ocrx_word' id='word_1_211' title='bbox 537 1542 660 1578; x_wconf 81' lang='lat' dir='ltr'>tenipus</span> <span class='ocrx_word' id='word_1_212' title='bbox 685 1542 742 1581; x_wconf 85' lang='lat' dir='ltr'>est,</span> <span class='ocrx_word' id='word_1_213' title='bbox 765 1542 797 1569; x_wconf 90' lang='lat' dir='ltr'>ut</span> <span class='ocrx_word' id='word_1_214' title='bbox 821 1538 853 1569; x_wconf 91' lang='lat' dir='ltr'>in</span> <span class='ocrx_word' id='word_1_215' title='bbox 877 1542 1039 1569; x_wconf 83' lang='lat' dir='ltr'>auctorem</span> <span class='ocrx_word' id='word_1_216' title='bbox 1068 1538 1270 1578; x_wconf 85' lang='lat' dir='ltr'>inquiramus.</span> <span class='ocrx_word' id='word_1_217' title='bbox 1317 1540 1412 1577; x_wconf 86' lang='lat' dir='ltr'>atque</span> <span class='ocrx_word' id='word_1_218' title='bbox 1442 1537 1546 1568; x_wconf 90' lang='lat' dir='ltr'>indole</span> 
     </span>
     <span class='ocr_line' id='line_1_27' title="bbox 274 1591 1546 1631; baseline -0.001 -9"><span class='ocrx_word' id='word_1_219' title='bbox 274 1591 399 1631; x_wconf 89' lang='lat' dir='ltr'>quidem</span> <span class='ocrx_word' id='word_1_220' title='bbox 425 1595 553 1631; x_wconf 85' lang='lat' dir='ltr'>totoque</span> <span class='ocrx_word' id='word_1_221' title='bbox 584 1591 692 1622; x_wconf 86' lang='lat' dir='ltr'>habitu</span> <span class='ocrx_word' id='word_1_222' title='bbox 723 1591 801 1622; x_wconf 88' lang='lat' dir='ltr'>mire</span> <span class='ocrx_word' id='word_1_223' title='bbox 835 1591 1037 1622; x_wconf 85' lang='lat' dir='ltr'>coniunctum</span> <span class='ocrx_word' id='word_1_224' title='bbox 1068 1591 1127 1622; x_wconf 91' lang='lat' dir='ltr'>hoc</span> <span class='ocrx_word' id='word_1_225' title='bbox 1157 1591 1366 1630; x_wconf 83' lang='lat' dir='ltr'>fragmentum</span> <span class='ocrx_word' id='word_1_226' title='bbox 1397 1593 1444 1622; x_wconf 89' lang='lat' dir='ltr'>est</span> <span class='ocrx_word' id='word_1_227' title='bbox 1475 1600 1546 1622; x_wconf 87' lang='lat' dir='ltr'>cum</span> 
     </span>
     <span class='ocr_line' id='line_1_28' title="bbox 274 1643 1548 1685; baseline -0.001 -10"><span class='ocrx_word' id='word_1_228' title='bbox 274 1645 375 1675; x_wconf 87' lang='lat' dir='ltr'>altera</span> <span class='ocrx_word' id='word_1_229' title='bbox 396 1645 552 1675; x_wconf 83' lang='lat' dir='ltr'>Eustathii</span> <span class='ocrx_word' id='word_1_230' title='bbox 575 1645 687 1684; x_wconf 85' lang='lat' dir='ltr'>ecloga</span> <span class='ocrx_word' id='word_1_231' title='bbox 711 1655 739 1685; x_wconf 91' lang='lat' dir='ltr'>p.</span> <span class='ocrx_word' id='word_1_232' title='bbox 758 1645 809 1684; x_wconf 75' lang='lat'>87,</span> <span class='ocrx_word' id='word_1_233' title='bbox 824 1646 923 1684; x_wconf 85' lang='lat' dir='ltr'>40ss.,</span> <span class='ocrx_word' id='word_1_234' title='bbox 949 1654 1042 1685; x_wconf 86' lang='lat' dir='ltr'>quam</span> <span class='ocrx_word' id='word_1_235' title='bbox 1067 1648 1248 1684; x_wconf 83' lang='lat' dir='ltr'>comparato</span> <span class='ocrx_word' id='word_1_236' title='bbox 1272 1643 1424 1675; x_wconf 84' lang='lat' dir='ltr'>Athenaei</span> <span class='ocrx_word' id='word_1_237' title='bbox 1449 1643 1470 1675; x_wconf 92' lang='lat' dir='ltr'>l.</span> <span class='ocrx_word' id='word_1_238' title='bbox 1490 1643 1548 1674; x_wconf 89' lang='lat' dir='ltr'>VII</span> 
     </span>
     <span class='ocr_line' id='line_1_29' title="bbox 275 1696 1546 1738; baseline -0.002 -9"><span class='ocrx_word' id='word_1_239' title='bbox 275 1698 365 1729; x_wconf 82' lang='lat' dir='ltr'>306a</span> <span class='ocrx_word' id='word_1_240' title='bbox 389 1701 420 1728; x_wconf 82' lang='lat' dir='ltr'>et</span> <span class='ocrx_word' id='word_1_241' title='bbox 444 1699 535 1729; x_wconf 74' lang='lat'>3253,</span> <span class='ocrx_word' id='word_1_242' title='bbox 559 1697 754 1738; x_wconf 88' lang='lat' dir='ltr'>Apollodoro</span> <span class='ocrx_word' id='word_1_243' title='bbox 778 1696 916 1728; x_wconf 85' lang='lat' dir='ltr'>reddidit</span> <span class='ocrx_word' id='word_1_244' title='bbox 931 1697 1105 1728; x_wconf 81' lang='lat' dir='ltr'>Miinzelius</span> <span class='ocrx_word' id='word_1_245' title='bbox 1128 1697 1161 1727; x_wconf 90' lang='lat' dir='ltr'>in</span> <span class='ocrx_word' id='word_1_246' title='bbox 1186 1697 1418 1728; x_wconf 85' lang='lat' dir='ltr'>dissertationis</span> <span class='ocrx_word' id='word_1_247' title='bbox 1442 1696 1546 1737; x_wconf 87' lang='lat' dir='ltr'>capite</span> 
     </span>
     <span class='ocr_line' id='line_1_30' title="bbox 274 1749 1548 1790; baseline -0.001 -9"><span class='ocrx_word' id='word_1_248' title='bbox 274 1754 395 1790; x_wconf 86' lang='lat' dir='ltr'>quarto.</span> <span class='ocrx_word' id='word_1_249' title='bbox 427 1760 500 1781; x_wconf 88' lang='lat' dir='ltr'>nam</span> <span class='ocrx_word' id='word_1_250' title='bbox 525 1753 558 1781; x_wconf 90' lang='lat' dir='ltr'>ut</span> <span class='ocrx_word' id='word_1_251' title='bbox 574 1750 637 1781; x_wconf 89' lang='lat' dir='ltr'>illic</span> <span class='ocrx_word' id='word_1_252' title='bbox 655 1760 749 1781; x_wconf 89' lang='lat' dir='ltr'>unum</span> <span class='ocrx_word' id='word_1_253' title='bbox 775 1750 920 1789; x_wconf 89' lang='lat' dir='ltr'>quodque</span> <span class='ocrx_word' id='word_1_254' title='bbox 946 1749 1064 1780; x_wconf 85' lang='lat' dir='ltr'>animal</span> <span class='ocrx_word' id='word_1_255' title='bbox 1093 1760 1147 1781; x_wconf 89' lang='lat' dir='ltr'>cur</span> <span class='ocrx_word' id='word_1_256' title='bbox 1176 1749 1230 1780; x_wconf 88' lang='lat' dir='ltr'>uni</span> <span class='ocrx_word' id='word_1_257' title='bbox 1253 1749 1365 1789; x_wconf 84' lang='lat' dir='ltr'>cuique</span> <span class='ocrx_word' id='word_1_258' title='bbox 1390 1749 1449 1780; x_wconf 89' lang='lat' dir='ltr'>deo</span> <span class='ocrx_word' id='word_1_259' title='bbox 1474 1759 1548 1781; x_wconf 90' lang='lat' dir='ltr'>con-</span> 
     </span>
     <span class='ocr_line' id='line_1_31' title="bbox 273 1802 1546 1843; baseline -0.002 -9"><span class='ocrx_word' id='word_1_260' title='bbox 273 1806 431 1834; x_wconf 84' lang='lat' dir='ltr'>secratum</span> <span class='ocrx_word' id='word_1_261' title='bbox 456 1803 495 1834; x_wconf 89' lang='lat' dir='ltr'>sit</span> <span class='ocrx_word' id='word_1_262' title='bbox 513 1803 668 1843; x_wconf 86' lang='lat' dir='ltr'>duplicem</span> <span class='ocrx_word' id='word_1_263' title='bbox 686 1813 755 1834; x_wconf 87' lang='lat' dir='ltr'>esse</span> <span class='ocrx_word' id='word_1_264' title='bbox 772 1812 900 1834; x_wconf 90' lang='lat' dir='ltr'>eausam</span> <span class='ocrx_word' id='word_1_265' title='bbox 918 1802 1103 1843; x_wconf 79' lang='lat' dir='ltr'>explicatur,</span> <span class='ocrx_word' id='word_1_266' title='bbox 1129 1802 1203 1841; x_wconf 88' lang='lat' dir='ltr'>quia</span> <span class='ocrx_word' id='word_1_267' title='bbox 1218 1812 1280 1832; x_wconf 91' lang='lat' dir='ltr'>non</span> <span class='ocrx_word' id='word_1_268' title='bbox 1297 1806 1410 1833; x_wconf 87' lang='lat' dir='ltr'>natura</span> <span class='ocrx_word' id='word_1_269' title='bbox 1426 1805 1546 1832; x_wconf 89' lang='lat' dir='ltr'>tantum</span> 
     </span>
     <span class='ocr_line' id='line_1_32' title="bbox 275 1855 1548 1896; baseline -0.002 -9"><span class='ocrx_word' id='word_1_270' title='bbox 275 1860 369 1896; x_wconf 83' lang='lat' dir='ltr'>atque</span> <span class='ocrx_word' id='word_1_271' title='bbox 393 1856 497 1887; x_wconf 89' lang='lat' dir='ltr'>indole</span> <span class='ocrx_word' id='word_1_272' title='bbox 522 1856 577 1887; x_wconf 88' lang='lat' dir='ltr'>sed</span> <span class='ocrx_word' id='word_1_273' title='bbox 599 1856 693 1887; x_wconf 86' lang='lat' dir='ltr'>etiam</span> <span class='ocrx_word' id='word_1_274' title='bbox 715 1856 850 1887; x_wconf 88' lang='lat' dir='ltr'>nominis</span> <span class='ocrx_word' id='word_1_275' title='bbox 868 1855 1071 1886; x_wconf 87' lang='lat' dir='ltr'>similitudine</span> <span class='ocrx_word' id='word_1_276' title='bbox 1089 1855 1256 1886; x_wconf 86' lang='lat' dir='ltr'>coniuncta</span> <span class='ocrx_word' id='word_1_277' title='bbox 1272 1855 1437 1885; x_wconf 85' lang='lat' dir='ltr'>videantur</span> <span class='ocrx_word' id='word_1_278' title='bbox 1460 1857 1548 1886; x_wconf 82' lang='lat' dir='ltr'>certa</span> 
     </span>
     <span class='ocr_line' id='line_1_33' title="bbox 274 1907 1545 1948; baseline -0.002 -8"><span class='ocrx_word' id='word_1_279' title='bbox 274 1909 426 1940; x_wconf 88' lang='lat' dir='ltr'>animalia</span> <span class='ocrx_word' id='word_1_280' title='bbox 451 1910 544 1941; x_wconf 82' lang='lat' dir='ltr'>certis</span> <span class='ocrx_word' id='word_1_281' title='bbox 569 1920 638 1940; x_wconf 87' lang='lat' dir='ltr'>cum</span> <span class='ocrx_word' id='word_1_282' title='bbox 662 1909 848 1948; x_wconf 88' lang='lat' dir='ltr'>numinibus,</span> <span class='ocrx_word' id='word_1_283' title='bbox 873 1909 917 1940; x_wconf 88' lang='lat' dir='ltr'>sic</span> <span class='ocrx_word' id='word_1_284' title='bbox 942 1909 993 1939; x_wconf 87' lang='lat' dir='ltr'>hic</span> <span class='ocrx_word' id='word_1_285' title='bbox 1017 1917 1142 1948; x_wconf 90' lang='lat' dir='ltr'>quoque</span> <span class='ocrx_word' id='word_1_286' title='bbox 1166 1908 1197 1938; x_wconf 89' lang='lat' dir='ltr'>in</span> <span class='ocrx_word' id='word_1_287' title='bbox 1222 1908 1353 1947; x_wconf 88' lang='lat' dir='ltr'>singulis</span> <span class='ocrx_word' id='word_1_288' title='bbox 1374 1907 1545 1938; x_wconf 85' lang='lat' dir='ltr'>Nereidum</span> 
     </span>
     <span class='ocr_line' id='line_1_34' title="bbox 274 1961 1547 2003; baseline -0.002 -10"><span class='ocrx_word' id='word_1_289' title='bbox 274 1962 452 1993; x_wconf 86' lang='lat' dir='ltr'>nominibus</span> <span class='ocrx_word' id='word_1_290' title='bbox 476 1962 720 2003; x_wconf 85' lang='lat' dir='ltr'>interpretandis</span> <span class='ocrx_word' id='word_1_291' title='bbox 744 1962 819 1993; x_wconf 90' lang='lat' dir='ltr'>bina</span> <span class='ocrx_word' id='word_1_292' title='bbox 843 1961 1033 1993; x_wconf 90' lang='lat' dir='ltr'>coniunctim</span> <span class='ocrx_word' id='word_1_293' title='bbox 1058 1964 1273 2001; x_wconf 86' lang='lat' dir='ltr'>proponuntur</span> <span class='ocrx_word' id='word_1_294' title='bbox 1300 1961 1475 2000; x_wconf 86' lang='lat' dir='ltr'>veriloquia</span> <span class='ocrx_word' id='word_1_295' title='bbox 1508 1970 1547 1991; x_wconf 82' lang='lat' dir='ltr'>ex</span> 
     </span>
     <span class='ocr_line' id='line_1_35' title="bbox 275 2014 1547 2056; baseline 0 -11"><span class='ocrx_word' id='word_1_296' title='bbox 275 2015 391 2056; x_wconf 85' lang='lat' dir='ltr'>duplici</span> <span class='ocrx_word' id='word_1_297' title='bbox 415 2025 517 2055; x_wconf 88' lang='lat' dir='ltr'>aquae</span> <span class='ocrx_word' id='word_1_298' title='bbox 541 2018 654 2046; x_wconf 86' lang='lat' dir='ltr'>natura</span> <span class='ocrx_word' id='word_1_299' title='bbox 678 2016 829 2046; x_wconf 85' lang='lat' dir='ltr'>derivata.</span> <span class='ocrx_word' id='word_1_300' title='bbox 876 2025 933 2046; x_wconf 89' lang='lat' dir='ltr'>nec</span> <span class='ocrx_word' id='word_1_301' title='bbox 960 2015 1132 2046; x_wconf 84' lang='lat' dir='ltr'>subtilitate</span> <span class='ocrx_word' id='word_1_302' title='bbox 1158 2014 1332 2045; x_wconf 84' lang='lat' dir='ltr'>disserendi</span> <span class='ocrx_word' id='word_1_303' title='bbox 1356 2014 1437 2045; x_wconf 89' lang='lat' dir='ltr'>alter</span> <span class='ocrx_word' id='word_1_304' title='bbox 1459 2015 1547 2046; x_wconf 87' lang='lat' dir='ltr'>locus</span> 
     </span>
     <span class='ocr_line' id='line_1_36' title="bbox 274 2064 1547 2108; baseline -0.002 -9"><span class='ocrx_word' id='word_1_305' title='bbox 274 2068 366 2099; x_wconf 90' lang='lat' dir='ltr'>alteri</span> <span class='ocrx_word' id='word_1_306' title='bbox 399 2069 522 2099; x_wconf 85' lang='lat' dir='ltr'>videtur</span> <span class='ocrx_word' id='word_1_307' title='bbox 555 2069 679 2099; x_wconf 86' lang='lat' dir='ltr'>cedere.</span> <span class='ocrx_word' id='word_1_308' title='bbox 727 2068 882 2099; x_wconf 84' lang='lat' dir='ltr'>Galateae</span> <span class='ocrx_word' id='word_1_309' title='bbox 917 2068 1043 2107; x_wconf 85' lang='lat' dir='ltr'>quidem</span> <span class='ocrx_word' id='word_1_310' title='bbox 1077 2068 1390 2108; x_wconf 82' lang='lat' dir='ltr'>interpretamentum</span> <span class='ocrx_word' id='word_1_311' title='bbox 1423 2064 1456 2108; x_wconf 83' lang='grc' dir='ltr'>(ἡ</span> <span class='ocrx_word' id='word_1_312' title='bbox 1490 2070 1547 2098; x_wconf 86' lang='grc' dir='ltr'><em>Γα-</em></span> 
     </span>
     <span class='ocr_line' id='line_1_37' title="bbox 274 2117 1548 2163; baseline -0.001 -12"><span class='ocrx_word' id='word_1_313' title='bbox 274 2120 386 2152; x_wconf 71' lang='grc' dir='ltr'><em>λάτεια</em></span> <span class='ocrx_word' id='word_1_314' title='bbox 410 2123 678 2162; x_wconf 80' lang='grc' dir='ltr'><em>παρηχουμένη</em></span> <span class='ocrx_word' id='word_1_315' title='bbox 701 2119 808 2162; x_wconf 80' lang='grc' dir='ltr'><em>ὥσπερ</em></span> <span class='ocrx_word' id='word_1_316' title='bbox 833 2119 850 2163; x_wconf 81' lang='grc' dir='ltr'>ἡ</span> <span class='ocrx_word' id='word_1_317' title='bbox 877 2123 965 2157; x_wconf 75' lang='grc' dir='ltr'><em>Θέτις</em></span> <span class='ocrx_word' id='word_1_318' title='bbox 988 2121 1026 2161; x_wconf 76' lang='grc' dir='ltr'>τῇ</span> <span class='ocrx_word' id='word_1_319' title='bbox 1047 2122 1223 2151; x_wconf 71' lang='grc' dir='ltr'><em>καταθέσει</em></span> <span class='ocrx_word' id='word_1_320' title='bbox 1251 2121 1304 2161; x_wconf 69' lang='grc' dir='ltr'>τῆς</span> <span class='ocrx_word' id='word_1_321' title='bbox 1327 2119 1422 2161; x_wconf 81' lang='grc' dir='ltr'><em>ζάλης</em></span> <span class='ocrx_word' id='word_1_322' title='bbox 1445 2117 1548 2157; x_wconf 78' lang='grc' dir='ltr'><em>οὕτως</em></span> 
     </span>
     <span class='ocr_line' id='line_1_38' title="bbox 275 2171 1545 2214; baseline 0 -11"><span class='ocrx_word' id='word_1_323' title='bbox 275 2171 352 2214; x_wconf 78' lang='grc' dir='ltr'><em>αὐτὴ</em></span> <span class='ocrx_word' id='word_1_324' title='bbox 375 2174 413 2214; x_wconf 74' lang='grc' dir='ltr'>τῇ</span> <span class='ocrx_word' id='word_1_325' title='bbox 434 2173 566 2214; x_wconf 66' lang='grc' dir='ltr'><em>γαλήνῃ)</em></span> <span class='ocrx_word' id='word_1_326' title='bbox 591 2174 721 2213; x_wconf 83' lang='lat' dir='ltr'>egregie</span> <span class='ocrx_word' id='word_1_327' title='bbox 746 2174 906 2214; x_wconf 85' lang='lat' dir='ltr'>conspirat</span> <span class='ocrx_word' id='word_1_328' title='bbox 927 2183 997 2204; x_wconf 89' lang='lat' dir='ltr'>cum</span> <span class='ocrx_word' id='word_1_329' title='bbox 1013 2173 1189 2212; x_wconf 87' lang='lat' dir='ltr'>fragmento</span> <span class='ocrx_word' id='word_1_330' title='bbox 1206 2173 1316 2213; x_wconf 84' lang='lat' dir='ltr'>altero,</span> <span class='ocrx_word' id='word_1_331' title='bbox 1341 2173 1372 2203; x_wconf 91' lang='lat' dir='ltr'>in</span> <span class='ocrx_word' id='word_1_332' title='bbox 1390 2183 1451 2213; x_wconf 87' lang='lat' dir='ltr'>quo</span> <span class='ocrx_word' id='word_1_333' title='bbox 1467 2172 1545 2204; x_wconf 85' lang='lat' dir='ltr'>haee</span> 
     </span>
    </p>
   </div>
   <div class='ocr_carea' id='block_1_3' title="bbox 1694 0 1697 1979">
    <p class='ocr_par' dir='ltr' id='par_1_7' title="bbox 1694 0 1697 1979">
     <span class='ocr_line' id='line_1_39' title="bbox 1694 0 1697 1979; baseline 0 0"><span class='ocrx_word' id='word_1_334' title='bbox 1694 0 1697 1979; x_wconf 95' lang='lat' dir='ltr'> </span> 
     </span>
    </p>
   </div>
  </div>
 </body>
</html>
