1697 2530
905 167 946 195 92

380 269 473 307 Quod
496 279 569 301 vero
594 269 722 301 maximi
746 269 896 300 momenti
921 279 991 300 esse
1015 269 1160 309 arbitror,
1177 269 1216 301 de
1233 269 1364 310 genitali
1387 269 1443 300 illa
1466 267 1563 300 umidi

290 322 473 364 principii
498 321 569 363 (τοῦ
593 324 792 361 στοιχειακοῦ
816 320 942 360 ὓδατος)
965 322 996 353 vi
1021 324 1114 362 atque
1139 322 1316 361 efficientia,
1341 332 1435 362 quam
1458 323 1564 353 obser-

291 375 359 406 vari
395 376 439 406 ait
474 375 657 406 Eustathius
692 375 723 406 in
759 375 972 416 stipitibus,
1013 375 1166 415 gemellus
1205 375 1299 416 plane
1339 378 1442 406 exstat
1476 375 1565 406 locus

291 428 475 468 Apollodori
512 428 638 459 nomine
674 431 799 459 notatus
832 428 863 459 in
900 427 1061 459 Plutarchi
1093 437 1182 459 conv.
1215 427 1293 468 disp.
1323 428 1350 458 V
1381 438 1411 468 p.
1436 428 1500 459 675
1523 427 1564 458 F:

291 478 467 522 ἀμφότεροι
498 481 560 523 γὰρ
594 480 623 512 οἱ
655 481 727 511 θεοὶ
763 481 940 522 (Neptunus
973 484 1003 512 et
1034 481 1129 511 Liber
1160 480 1264 522 pater)
1297 480 1352 522 τῆς
1381 478 1478 522 ὑγρᾶς
1511 480 1565 511 καὶ

291 536 420 574 γονίμου
450 533 552 574 κύριοι
583 533 725 564 δοκοῦσιν
755 531 872 576 α’ρχῆς
901 530 991 570 εἶναι,
1025 534 1079 564 καὶ
1103 532 1272 564 Ποσειδῶνι
1296 544 1329 573 γε
1353 533 1565 574 φυταλμίῳ,

293 586 436 628 Διονύσῳ
467 586 501 618 δὲ
533 587 706 628 δενδρίτῃ
738 586 857 624 πάντες
887 585 930 623 ὥς
960 586 1038 623 ἔπος
1062 585 1162 617 εἰπεῖν
1179 585 1327 628 ’Έλληνες
1350 584 1493 616 θύουσιν.
1529 582 1567 616 οὗ

291 640 351 682 μὴν
375 638 456 670 ἀλλὰ
480 640 533 670 καὶ
557 637 626 670 κατ’
651 638 735 671 ἰδίαν
758 639 803 681 τῷ
828 640 997 671 Ποσειόιῦνι
1021 641 1100 681 φαίη
1123 651 1171 676 τις
1195 637 1233 669 ἄν
1263 639 1318 681 τὴν
1341 640 1437 669 πίτυν
1467 648 1566 679 προσ-

292 705 384 735 ηκειν,
414 691 471 732 οὐχ
494 691 536 730 ιῦς
559 690 836 735 Ἀπολλόδωρος
859 691 960 724 οἴεται,
985 691 1144 734 παράλιον
1167 691 1268 733 φυτὸν
1290 687 1395 727 οὖσαν,
1420 689 1492 722 οὐδὲ
1515 688 1566 721 ὅτι

292 745 462 788 φιλήνεμός
493 745 585 782 ἐστιν,
617 744 722 786 ὥσπερ
756 744 773 788 ἡ
805 744 966 781 θάλαττα,
1000 746 1054 776 καὶ
1086 745 1146 787 γάρ
1179 744 1271 776 τοῦτό
1303 755 1384 781 τινες
1416 744 1568 784 λέγουσιν,

293 797 376 829 ἀλλὰ
400 799 453 829 διὰ
477 799 536 836 τάς
559 801 737 840 ναυπηγίας
759 798 910 838 μάλιστα.

382 852 542 892 Superest,
577 855 610 883 ut
641 852 844 891 inquiramus,
874 861 1010 891 quanam
1034 851 1087 883 via
1109 851 1165 882 illa
1189 851 1301 891 ecloga
1325 850 1504 891 pervenerit
1527 849 1568 881 ad

293 906 437 936 'l'zetzem
471 909 502 936 et
534 905 739 936 Eustathium.
787 908 881 944 atque
912 904 990 935 illud
1021 904 1145 944 quidem
1178 914 1310 944 pronum
1343 906 1390 935 est
1415 903 1568 943 coniectu,

294 968 356 989 non
390 958 547 989 diversam
581 968 651 989 esse
684 958 774 989 huius
806 957 866 988 loci
891 958 1106 989 condicionem
1132 967 1225 996 quam
1249 957 1341 997 illius,
1366 966 1456 996 quem
1481 956 1568 987 Mun-

294 1012 404 1042 zelium
437 1011 594 1043 detexisse
626 1021 723 1052 supra
759 1010 831 1042 dixi.
867 1011 949 1042 hune
982 1020 1056 1042 vero
1089 1009 1172 1041 unde
1197 1010 1364 1051 sumpserit
1386 1009 1570 1040 Eustathius

295 1074 362 1095 eum
381 1065 551 1096 Miinzelius
568 1074 601 1095 se
615 1064 737 1095 nescire
754 1064 853 1095 libere
867 1064 1029 1095 confessus
1043 1066 1136 1103 esset,
1151 1063 1381 1094 Hefermehlius
1398 1073 1426 1103 p.
1438 1063 1479 1094 39
1497 1072 1568 1093 eum

294 1118 451 1157 uberiora,
484 1128 578 1157 quam
614 1127 694 1157 quae
729 1117 823 1148 hodie
856 1119 1026 1156 exstarent,
1062 1116 1208 1147 habuisse
1241 1116 1401 1147 etiamtum
1436 1115 1571 1146 coniecit

294 1170 413 1202 scholia
437 1170 664 1211 Porphyriana.
711 1174 804 1210 atque
838 1170 935 1210 ipsius
968 1169 1049 1200 adeo
1083 1169 1285 1209 quaestionis,
1314 1179 1333 1199 a
1357 1178 1419 1208 qua
1443 1168 1569 1199 ductum

295 1228 379 1255 esset
414 1223 472 1255 hoe
507 1224 726 1263 fragmentum,
763 1223 917 1262 hodieque
952 1225 1073 1253 restare
1109 1222 1241 1252 frustula
1275 1222 1306 1252 in
1341 1221 1460 1252 scholio
1493 1221 1569 1251 Por-

294 1277 449 1317 phyriano
474 1276 541 1307 cod.
560 1275 615 1307 Vd.
642 1276 681 1307 ad
706 1287 720 1306 ε
742 1277 780 1307 51
809 1276 849 1314 (Il
874 1286 904 1316 p.
923 1277 1029 1315 49,16
1054 1275 1167 1313 Ssshr.):
1201 1274 1254 1305 διὰ
1286 1276 1317 1304 τί
1339 1272 1426 1315 λάρῳ
1450 1273 1504 1304 καὶ
1526 1273 1570 1315 μὴ

294 1327 378 1370 ἀετῷ
410 1327 519 1365 ἐοικώς
549 1327 570 1370 ἢ
603 1327 692 1369 ἄλλῳ
728 1328 789 1358 τινὶ
820 1327 968 1368 ‘colos-ug&
996 1347 1039 1350 —-
1068 1347 1110 1350 ——
1135 1327 1188 1358 καὶ
1220 1324 1276 1357 οὐκ
1307 1322 1343 1368 ἧν
1373 1325 1570 1368 ὁμοιωθῆναι

295 1381 382 1423 ἄλλῳ
405 1382 467 1412 τινὶ
488 1382 661 1422 θαλασσίῳ
678 1379 790 1420 οὖόινί,
816 1381 998 1419 (Sehraderz
1022 1375 1059 1411 οὗ
1084 1380 1119 1423 δὴ
1141 1375 1194 1422 ἦν)
1211 1378 1291 1410 ἀλλὰ
1316 1378 1440 1420 (τούτῳ
1456 1379 1568 1418 Schr.)

295 1435 347 1466 διά
373 1435 409 1466 τὸ
431 1434 579 1475 λαμπρὸν
603 1435 655 1465 καὶ
680 1434 788 1465 λευκὸν
812 1436 866 1476 τῆς
890 1435 972 1470 θέας
997 1446 1016 1464 2¹⁵
1042 1446 1060 1464 ιε
1086 1446 1105 1464 κ
1129 1435 1270 1469 τοιοῦτος
1286 1432 1345 1473 γὰρ
1361 1430 1448 1463 καὶὸ
1465 1431 1570 1473 λάρος,

296 1487 338 1526 (hg
362 1489 405 1529 τῷ
428 1486 504 1530 ἡλίῳ
528 1486 544 1519 ὁ
568 1487 678 1524 κύκνος
702 1484 901 1518 ἀνατίθεται.
949 1486 1039 1517 huius
1072 1486 1183 1517 scholii
1206 1485 1371 1525 iacturam,
1402 1484 1484 1525 quod
1507 1485 1571 1516 iam

296 1532 491 1573 Schraderus
504 1545 589 1572 reete
602 1541 810 1580 observasset,
822 1540 965 1580 repaiari
980 1549 1071 1579 posse
1086 1549 1124 1570 ex
1137 1539 1302 1570 Eustathio
1315 1549 1344 1580 p.
1360 1539 1453 1578 1522,
1469 1539 1571 1570 50ss:

296 1593 383 1636 λάρῳ
406 1593 551 1625 εἴκασται
576 1592 592 1625 ὁ
616 1592 732 1635 Ερμῆς
756 1592 809 1623 διά
835 1604 867 1623 τε
899 1592 934 1623 τὸ
959 1592 1067 1623 λεικόν
1090 1603 1142 1622 και
1167 1590 1208 1629 ὡς
1231 1590 1332 1622 εἰπεῖν
1355 1589 1489 1631 ἐναργές,
1513 1588 1571 1632 ἀφ’

296 1659 333 1679 OU
358 1647 411 1678 καὶ
446 1645 662 1688 Αργξίφόνῖΐς
697 1647 852 1688 Ιαλδῑῒίῖἱ,
886 1657 929 1682 (υς
963 1644 1055 1685 λΟγΟς
1090 1656 1228 1686 ἑναργίυς
1262 1646 1383 1686 φαίῖίυν
1417 1645 1457 1674 τὰ
1489 1655 1570 1674 κατα

298 1699 414 1742 ψιχηι,
445 1700 498 1730 καὶ
530 1699 609 1730 διότι
642 1698 674 1730 δὲ
706 1697 722 1730 ὁ
757 1698 852 1740 λάρος
876 1700 1068 1740 παρηχεῖταί
1091 1709 1162 1735 πως
1185 1699 1229 1727 τῶ
1252 1697 1337 1738 λαριῆ
1360 1699 1504 1728 τουτέστι
1527 1699 1572 1738 ταῦ

296 1753 411 1794 γλυκεῖ,
446 1751 488 1790 ιῦς
520 1753 573 1783 καὶ
608 1751 640 1783 ἐν
671 1751 780 1783 Ἰλιάδι
811 1750 957 1782 ἔκκειται.
1012 1761 1168 1792 apparere
1200 1751 1295 1790 igitur
1328 1750 1523 1781 Eustathium
1554 1759 1572 1781 e

297 1807 491 1848 plenioribus
519 1805 684 1847 Porphyrii
708 1806 861 1846 exemplis
886 1815 943 1836 sua
960 1804 1118 1846 petivisse,
1144 1803 1328 1844 praesertim
1346 1813 1413 1834 oum
1431 1809 1572 1834 extrema

297 1861 395 1891 verba
426 1859 537 1890 scholii
569 1859 697 1899 egregie
730 1858 942 1890 consentirent
978 1868 1048 1889 cum
1081 1857 1135 1897 eis,
1162 1866 1244 1896 quae
1267 1856 1299 1886 in
1322 1856 1466 1886 Milnzelii
1491 1856 1574 1896 frag—

297 1917 402 1944 mento
426 1912 650 1943 antecederent
674 1923 702 1952 p.
728 1912 834 1951 87,15
860 1911 962 1942 Eust.:
999 1910 1051 1940 καὶ
1082 1908 1191 1945 κύκνος
1220 1908 1253 1939 δὲ
1276 1908 1321 1949 τῷ
1344 1905 1513 1939 Ἀπόλλωνι
1537 1905 1573 1939 οὗ

297 1964 392 2005 μόνον
424 1964 476 1995 ὃιά
509 1965 546 1995 τὸ
579 1962 693 2005 fidam
724 1964 776 1994 καὶ
800 1963 951 2003 μαντικὸν
984 1960 1170 2004 ἀφιέρωται,
1203 1959 1283 1991 ιῗλλά
1318 1961 1370 1991 καὶ
1394 1961 1430 1991 τὸ
1454 1959 1572 1997 λευκόν,

297 2016 376 2059 ὅπερ
415 2016 447 2048 ἐκ
486 2020 542 2048 τοῦ
580 2017 718 2048 λεύσσειν
756 2015 827 2059 ἢτοι
865 2016 994 2056 βλέπειν
1037 2013 1226 2056 παράγεται,
1271 2008 1369 2054 οὗπερ
1415 2011 1575 2045 Ἀπόλλων

298 2072 478 2111 παραίτιος.
515 2071 593 2101 haee
611 2074 658 2101 est
674 2070 831 2101 sententia
846 2068 1059 2100 Hefermehlii.
1095 2078 1175 2107 quae
1198 2077 1258 2107 quo
1283 2067 1401 2098 maiore
1419 2077 1574 2098 commen-

299 2124 392 2155 datur
424 2123 659 2165 probabilitate,
693 2133 730 2154 eo
762 2123 863 2153 minus
895 2122 1032 2153 tacenda
1056 2120 1145 2160 ducO,
1177 2130 1258 2160 quae
1287 2120 1441 2161 disputari
1466 2123 1574 2151 eontra

299 2177 428 2218 possint.
475 2186 513 2207 ae
538 2176 671 2217 primum
697 2176 821 2215 quidem
847 2184 966 2214 vereor,
992 2178 1025 2205 ut
1050 2184 1069 2205 a
1094 2173 1268 2204 Schradero
1298 2176 1328 2203 et
1351 2173 1466 2204 lacuna
1488 2177 1574 2204 reete
