1697 2530
920 182 959 212 76

305 283 359 315 (1ιὰ
381 284 435 326 τὴν
459 283 541 315 ἰδίαν
564 283 696 315 ἑκάστου
728 287 956 325 σφαιροποιὶαν
986 284 1159 327 διαφόρους
1189 284 1363 327 συμβέβηκε
1393 285 1450 322 τὰς
1481 297 1573 325 μετα-

304 335 414 377 βάσεις
440 333 528 367 εἶναι.
576 340 607 368 et
637 337 792 368 accedunt
825 338 855 368 ei
886 338 957 378 loci,
989 348 1067 378 quos
1100 339 1163 369 iam
1188 338 1344 380 Gomperz
1376 338 1572 378 adhibuerat,

305 389 417 428 quibus
442 389 584 420 omnibus
608 390 686 421 haec
711 400 772 421 vox
796 389 835 421 de
859 390 966 421 mundi
991 391 1099 422 ordine
1126 394 1157 422 et
1188 391 1408 432 descriptione,
1441 401 1503 422 uon
1535 391 1573 422 de

305 443 460 483 sphaerae
485 442 673 474 artificiosae
702 443 932 474 constructione
963 447 1141 484 usurpatur.
1189 444 1349 483 quaeritur
1377 446 1448 475 utra
1478 443 1573 484 signi-

304 495 408 526 ficatio
433 495 517 536 apud
543 495 758 526 Philodemum
782 496 970 536 accipienda
996 496 1045 527 sit.
1092 506 1129 527 ac
1154 496 1180 527 si
1204 496 1340 537 priorem
1364 496 1490 535 quidem
1518 496 1573 527 ad-

304 547 437 587 hibebis,
462 548 580 588 poteris
604 558 680 579 saue
704 558 766 579 non
791 549 896 590 inepte
922 548 960 580 de
978 549 1110 580 Achillis
1134 549 1227 590 clipei
1250 548 1472 589 explanatione
1489 549 1574 589 cogi-

305 604 381 639 tare,
407 611 469 640 qua
493 601 694 632 artificiosam
718 604 879 641 tamquam
904 602 1071 642 sphaeram
1103 602 1189 632 illum
1222 601 1358 642 clipeum
1381 601 1491 632 Crates
1524 611 1575 632 ex-

304 654 487 694 plicaverat.
534 654 590 685 sed
614 654 721 685 nescio
747 665 786 685 an
810 655 902 685 nimis
927 659 1061 694 angusta
1085 655 1125 686 sit
1149 655 1227 685 haec
1247 654 1425 695 explicatio,
1451 664 1521 684 cum
1545 657 1577 685 et

305 707 376 738 aliis
400 707 505 737 multis
538 707 616 738 locis
640 707 750 738 Crates
774 707 861 738 nisus
893 708 934 738 sit
966 708 1006 738 ad
1039 707 1205 748 σφαιρικὸν
1228 706 1321 747 λόγον
1344 707 1473 738 Homeri
1505 706 1574 737 illu-

305 760 464 790 strandum
491 763 520 790 et
544 760 612 800 ipse
636 759 838 791 Philodemus
862 770 922 791 non
949 761 987 791 de
1012 758 1191 801 ὁπλοποιίᾳ
1218 760 1274 791 36(1
1300 759 1339 791 de
1361 759 1468 802 μήνιδε
1491 770 1576 790 111611-

303 813 419 844 tionem
445 813 549 844 faciat.
595 813 727 844 alteram
752 813 854 855 igitur,
887 823 979 852 quam
1008 813 1103 844 habet
1127 813 1279 844 Geminus
1303 813 1575 853 significationem,

305 866 529 906 praeferemus,
564 866 657 896 modo
688 869 853 897 teneamus
887 866 971 897 illam
1004 876 1112 897 vocem
1143 876 1183 897 ne
1215 866 1299 906 apud
1333 866 1415 896 hunc
1451 865 1575 905 quidem

304 922 408 949 terrae
433 922 553 949 tantum
578 918 634 949 sed
659 919 753 950 totius
779 919 915 949 universi
947 919 1125 959 significare
1156 919 1287 949 formam
1313 928 1350 949 ac
1381 921 1576 950 structuram.

306 972 393 1011 legas
417 971 519 1011 modo,
554 982 634 1012 quae
660 975 731 1012 post
756 972 858 1003 locum
882 982 977 1012 supra
1002 972 1139 1013 positum
1169 974 1356 1011 sequuntur:
1391 970 1469 1012 αὕτη
1501 970 1534 1001 δὲ
1559 968 1576 1012 ἡ

306 1023 470 1066 πρόληψις
493 1027 531 1065 τῇ
553 1025 609 1064 μὲν
636 1024 824 1065 προκειμένῃ
855 1024 996 1063 διατάξει.
1028 1022 1208 1061 ἀκόλουθός
1239 1023 1314 1059 gost,
1348 1026 1402 1066 τῆς
1432 1022 1465 1054 δὲ
1495 1023 1577 1054 κατὰ

305 1076 400 1118 φύσιν
423 1079 655 1118 σφαιροποιίας
678 1076 838 1118 ἀλλοτρία.
885 1076 904 1119 ἦ
929 1078 991 1118 γὰρ
1015 1080 1053 1119 γῆ
1074 1080 1152 1119 μέση
1176 1082 1278 1108 κεῖται,
1306 1078 1363 1108 τοῦ
1393 1076 1576 1116 σύμπαντος

305 1129 432 1169 κόσμοι),
465 1132 592 1172 σημείου
624 1129 714 1168 τάξιν
744 1129 914 1169 ἐπέχουσα,
949 1130 980 1161 αἱ
1013 1130 1045 1161 ὁὲ
1076 1129 1227 1161 ἀνατολαὶ
1261 1130 1316 1160 τοῦ
1346 1126 1437 1171 ἡλίου
1465 1129 1519 1159 καὶ
1543 1127 1577 1159 αἱ

305 1183 409 1220 δύο-εις
432 1181 465 1213 ἐκ
490 1184 545 1213 τοῦ
569 1182 700 1224 αἰθέρος
723 1182 768 1220 εἰς
791 1184 844 1214 τὸν
868 1182 986 1223 αἰθέρα
1010 1185 1159 1223 γίνονῑαι,
1187 1183 1240 1213 (1ιά
1264 1182 1386 1219 παντὸς
1409 1182 1465 1212 τοῦ
1488 1180 1576 1224 ἡλίου

305 1235 374 1267 ἴσον
397 1234 579 1277 (ἐπεχούσης
602 1239 655 1277 τῆς
678 1239 743 1277 γῆς.
781 1236 887 1276 itaque
906 1247 973 1267 cnm
991 1237 1112 1267 crimini
1130 1236 1249 1267 Crateti
1266 1236 1359 1267 vertit
1376 1234 1575 1273 Posidonius,

305 1288 354 1320 ’ότι
391 1289 656 1330 παραδοξολογιῡν
690 1289 730 1319 τὰ
768 1286 820 1329 ὑφ’
843 1287 971 1330 Ὁμήρου
1006 1287 1165 1329 ἀρχαϊκῶς
1200 1289 1252 1318 καὶ
1288 1287 1395 1324 ι’ὁικιῦς
1428 1286 1576 1329 εἰρημένα

305 1341 433 1382 μετάγει
456 1342 538 1382 πρὸς
561 1342 614 1383 τὴν
639 1340 706 1372 κατ’
733 1339 889 1383 ἀλήθειαν
914 1343 1150 1382 σφαιροποιίαν,
1176 1342 1234 1372 hoc
1258 1341 1324 1373 vult
1341 1341 1455 1380 dicere,
1480 1340 1577 1371 totius

305 1396 452 1426 universi·
468 1395 553 1426 illum
578 1405 684 1426 veram
710 1395 835 1434 quidem
861 1394 917 1425 sed
942 1395 1082 1434 ignotam
1107 1395 1251 1425 omnibus
1284 1394 1442 1425 veteribus
1473 1393 1576 1433 poetis

306 1452 337 1479 et
360 1448 554 1489 philosophis
579 1448 748 1488 imaginem
773 1448 909 1479 Homero
935 1448 1114 1479 obtrusisse.

389 1502 462 1538 ,13111
487 1501 541 1540 qui
572 1501 786 1541 geographica
813 1501 990 1540 fragmenta
1015 1500 1162 1531 Cratetea
1186 1499 1282 1540 paulo
1306 1499 1484 1531 accuratius
1508 1508 1577 1539 per-

306 1554 488 1586 tractaverit
513 1557 543 1585 et
567 1554 597 1584 111
624 1554 733 1584 eadem
758 1564 792 1584 re
817 1554 935 1584 versari
953 1554 1018 1584 1616
1036 1553 1141 1584 01111113
1158 1553 1381 1592 observaverit,
1408 1556 1441 1583 ut
1457 1552 1577 1583 scilicet

306 1607 469 1647 globosam
506 1610 609 1638 terrae
645 1608 776 1637 formam
814 1607 931 1647 duplici
961 1606 1080 1637 Oceani
1109 1606 1225 1637 ambitu
1255 1606 1388 1637 cinctam
1418 1604 1577 1644 cognitam

307 1660 566 1701 exploratamque
595 1660 743 1690 habuisse
769 1660 923 1690 Homerus
953 1660 1123 1699 evincatur,
1158 1659 1250 1690 facile
1275 1659 1302 1690 is
1326 1658 1401 1689 mihi
1425 1656 1578 1689 concedet

306 1713 486 1744 desiderare
512 1713 590 1744 hanc
617 1712 778 1744 doctrinae
797 1713 961 1744 Crateteae
987 1717 1107 1754 partem
1125 1716 1218 1752 atque
1235 1712 1387 1752 flagitare,
1411 1721 1450 1742 ne
1468 1720 1577 1742 carcre

306 1766 510 1797 fundamento
535 1766 686 1804 videatur,
720 1765 857 1796 universi
882 1765 998 1803 mundi,
1031 1766 1155 1804 qualem
1184 1765 1244 1795 sibi
1268 1764 1391 1795 finxerit
1414 1764 1577 1801 Homerus,

307 1820 487 1850 accuratam
505 1822 536 1850 et
553 1819 591 1849 ad
610 1823 713 1849 certas
730 1819 858 1858 regulas
872 1822 1015 1849 exactam
1030 1817 1278 1858 descriptionem.
1308 1817 1387 1848 hanc
1406 1816 1576 1856 deprehen-

308 1872 391 1903 disse
416 1872 491 1902 mihi
515 1871 625 1902 videor
648 1872 679 1901 in
701 1871 746 1902 eis
763 1871 934 1910 allegoriis,
960 1871 997 1902 de
1015 1871 1126 1910 quibus
1143 1880 1238 1911 supra
1254 1870 1352 1900 vcrba
1367 1869 1436 1900 feci.
1475 1877 1576 1907 neque

308 1925 395 1955 casui
421 1923 565 1963 equidem
590 1924 762 1963 tribuerim,
789 1924 872 1963 quod
897 1924 928 1954 in
945 1923 1073 1954 Homeri
1095 1923 1175 1961 Vita,
1202 1933 1295 1962 quam
1312 1922 1466 1953 veriorem
1484 1931 1576 1960 quam

306 1977 498 2008 Heraclitum
523 1976 654 2008 reddere
679 1976 795 2008 veteris
824 1976 928 2016 operis
953 1976 1121 2015 imaginem
1143 1985 1238 2016 supra
1259 1974 1399 2015 exposui,
1425 1977 1492 2005 tota
1515 1973 1577 2005 ele-

307 2034 480 2060 mentorum
497 2029 715 2070 interpretatio
734 2029 869 2069 pertinet
882 2028 922 2059 ad
935 2028 1041 2058 mundi
1056 2028 1197 2058 ordinem
1210 2028 1403 2066 formamque
1421 2027 1577 2058 illustran—

308 2083 388 2113 dam.
435 2086 529 2121 atque
565 2082 645 2113 adeo
677 2082 828 2121 globosae
864 2081 970 2112 mundi
999 2082 1117 2112 formae
1147 2081 1356 2120 cognitionem
1385 2080 1443 2111 iste
1468 2083 1578 2111 auctor

308 2136 444 2167 omnium
470 2145 549 2174 quae
575 2135 605 2166 in
630 2135 764 2175 physica
788 2138 954 2166 versantur
984 2133 1186 2174 philosophia
1214 2137 1303 2174 putat
1335 2133 1513 2172 maximam,
1546 2134 1578 2163 ut

308 2189 417 2229 paucis
448 2188 663 2219 tantummodo
696 2192 727 2218 et
758 2188 891 2219 exilibus
923 2187 961 2218 de
990 2187 1215 2218 elementorum
1241 2196 1369 2217 numero
1394 2185 1578 2226 praemissis
