1757 2580
226 633 509 690 Interpretationes
540 647 741 687 allegoricae,
774 655 855 686 quae
889 645 929 676 ad
954 644 1082 675 Homeri
1117 643 1258 675 carmina
1282 653 1336 674 seu
1364 643 1415 673 de-

137 703 294 734 fendenda
329 713 349 733 a
383 701 651 743 vituperatoribus
687 710 744 731 seu
782 697 1001 740 philosophiae
1037 697 1144 738 specie
1180 695 1365 727 exornanda
1397 706 1415 726 a

136 757 295 788 veteribus
312 755 508 797 philosophis
527 753 806 795 grammaticisquc
823 756 895 783 sunt
919 751 1127 791 excogitatae,
1161 760 1230 782 cum
1255 750 1285 780 in
1319 749 1416 780 variis

138 810 251 849 quibus
275 809 440 840 traduntur
464 808 552 839 libris
576 808 687 838 miram
711 806 868 846 quandam
894 815 970 845 prae
995 814 1029 836 se
1051 805 1154 835 ferant
1171 802 1416 841 similitudinem,

138 872 199 903 quo
225 864 309 893 fonte
333 862 494 893 derivatae
519 861 582 892 sint
607 861 781 901 quibusque
806 859 881 890 rivis
910 858 951 889 ad
976 861 1113 889 nostram
1139 856 1323 888 memoriam
1348 866 1417 897 per-

138 916 345 955 manaverint,
370 925 431 946 non
456 915 553 946 semel
578 917 664 945 mota
689 912 831 953 quaestio
857 916 904 943 est
929 922 948 943 a
972 911 1048 943 viris
1065 911 1166 942 doctis
1183 909 1360 950 nequedum
1378 909 1418 940 ad

139 970 254 1001 exitum
280 969 440 1010 perducta.
487 972 581 1008 atque
611 968 662 999 via
691 966 816 1006 quidem
843 970 875 997 ut
898 965 1025 1005 egregie
1043 965 1134 996 nobis
1151 963 1352 1005 praemunita
1368 963 1418 1001 sit,

139 1023 311 1054 Hermanni
330 1022 460 1053 Dielesii
485 1022 517 1052 id
541 1021 686 1052 effectum
712 1023 759 1051 est
784 1019 952 1060 praeclara
972 1029 1071 1059 opera
1088 1018 1238 1058 (Doxogr.
1255 1028 1284 1058 p.
1302 1018 1342 1048 88
1354 1018 1418 1054 ssj),

139 1086 201 1116 qua
225 1075 452 1106 demonstravit
477 1074 635 1106 exstitisse
657 1078 747 1105 vetus
765 1073 922 1112 quoddam
941 1072 1164 1112 allegoriarum
1181 1071 1419 1102 Homericarum

140 1139 263 1169 corpus,
293 1138 312 1159 a
336 1138 397 1167 quo
423 1137 519 1168 opere
544 1127 723 1158 hausissent
747 1136 848 1166 aeque
874 1125 919 1156 illi
944 1135 1062 1164 omnes,
1095 1134 1225 1163 quorum
1250 1128 1333 1154 esset
1357 1127 1420 1154 tam

139 1182 288 1213 mirificus
313 1191 494 1220 c‹insensuS‚
529 1180 719 1211 Heraclitum
752 1180 831 1219 dieo,
863 1179 950 1210 cuius
986 1178 1154 1210 editionem
1184 1187 1297 1208 novam
1322 1187 1422 1218 nuper

140 1236 266 1276 paravit
297 1235 440 1266 Societas
470 1234 636 1274 Philologa
668 1233 853 1272 Bonnensis,
885 1236 950 1264 tum
984 1232 1185 1263 Plutarchum
1219 1233 1420 1271 personatum

143 1289 214 1320 libri
241 1289 279 1320 de
306 1288 378 1319 Vita
410 1292 440 1319 et
464 1288 558 1319 Poesi
582 1287 711 1318 Homeri
744 1285 949 1325 conditorem,
985 1285 1099 1325 quique
1134 1295 1202 1316 eum
1234 1294 1272 1315 eo
1305 1284 1421 1315 artiore

142 1342 264 1373 vinculo
302 1341 500 1382 coniungitur
535 1341 706 1372 stobaeum
718 1339 751 1381 ¹),
790 1339 925 1379 denique
958 1339 1087 1370 Sextum
1124 1337 1314 1378 Empirieum
1351 1337 1422 1368 adv.

142 1395 232 1436 phys.
249 1396 279 1426 X
296 1396 407 1427 313ss.
427 1406 456 1436 p.
475 1395 538 1426 539
548 1395 582 1426 B.
600 1398 630 1425 et
647 1394 785 1425 Probum
803 1396 1004 1434 personatum
1022 1392 1062 1423 ad
1081 1392 1171 1432 Verg.
1188 1391 1298 1431 Eclog.
1317 1391 1422 1422 V131.

143 1448 201 1479 hoc
226 1448 264 1479 de
289 1459 418 1480 numero
436 1449 595 1480 Dielesius
612 1448 741 1480 Sextum
768 1447 894 1487 quidem
918 1450 1013 1486 atque
1037 1446 1183 1484 Probum,
1209 1455 1278 1476 eum
1303 1444 1422 1475 maiore

143 1501 278 1540 quadam
304 1504 385 1532 inter
409 1506 508 1533 semet
532 1502 617 1542 ipsos
642 1511 736 1541 quam
764 1511 831 1531 cum
856 1500 985 1540 reliquis
1015 1498 1221 1530 similitudine
1254 1498 1423 1538 coniunge-

143 1559 259 1593 rentur,
292 1565 352 1586 non
387 1556 427 1586 ab
459 1555 528 1596 ipso
559 1555 612 1586 illo
647 1564 742 1595 opere
775 1554 912 1594 pendere
937 1553 1046 1585 statuit
1075 1552 1131 1583 sed
1156 1561 1176 1582 a
1199 1551 1292 1582 tertio
1318 1551 1424 1590 aliquo

145 1608 299 1649 scriptore
323 1608 427 1639 medio
452 1608 514 1639 illis
535 1608 760 1647 intercedente,
786 1607 839 1647 qui
863 1617 924 1638 non
949 1607 1029 1637 alius
1053 1606 1213 1637 videretur
1235 1614 1305 1635 esse
1330 1614 1424 1644 quam

146 1661 299 1692 Heracleo
342 1662 566 1701 grammaticus
605 1661 783 1702 Aegyptius
823 1661 889 1691 sive
926 1661 1101 1699 Romanus,
1141 1656 1358 1689 commentarii
1394 1657 1425 1687 in

146 1714 314 1745 Homerum
340 1725 359 1746 a
383 1715 482 1746 Snida
506 1714 742 1746 commemorati
768 1717 883 1745 auctor.
931 1714 983 1745 via
1015 1723 1034 1744 a
1058 1712 1199 1743 Dielesio
1230 1710 1275 1741 sic
1306 1710 1426 1740 munita

145 1766 346 1798 Hermannus
368 1767 562 1798 Schraderus
587 1777 655 1798 cum
681 1767 712 1797 in
730 1766 957 1807 Porphyrianis
982 1775 1106 1805 quoque
1131 1763 1258 1796 scholiis
1284 1762 1426 1794 animad-

145 1824 282 1852 verteret
306 1820 421 1857 inesse,
446 1830 528 1860 quae
553 1829 616 1850 non
641 1819 681 1850 ad
698 1819 891 1850 Heraclitum
916 1821 1036 1849 tantum
1056 1828 1162 1849 verum
1185 1817 1279 1848 etiam
1298 1816 1337 1847 ad
1355 1815 1427 1846 Plu-

146 1874 286 1904 tarchum
311 1877 514 1914 personatum
538 1872 680 1913 proxime
706 1871 902 1911 accederent,
929 1870 1139 1912 Porphyrium
1158 1879 1280 1910 quoque
1306 1869 1428 1900 censuit

148 1937 217 1958 esse
239 1926 362 1957 illorum
376 1937 505 1958 numero
523 1926 710 1966 scriptorum
728 1925 938 1956 adiciendum.
977 1933 1071 1964 quam
1089 1923 1277 1954 sententiam
1294 1923 1427 1963 primum

147 1980 243 2011 latam
278 1980 308 2010 iu
332 1979 570 2019 Prolegomenis
600 1979 641 2009 ad
665 1978 834 2019 Porphyrii
868 1981 987 2017 quaest.
1019 1978 1108 2008 Hom.
1132 1977 1147 2007 Ι
1170 1987 1200 2017 p.
1219 1978 1281 2008 393
1292 1986 1331 2007 ss.
1357 1980 1427 2016 post

148 2034 264 2064 emissa
280 2034 338 2064 ‘De
355 2033 516 2064 Plutarchi
534 2032 765 2064 Chaeronensis
780 2028 960 2073 “()μι]ρικαῐς
977 2031 1141 2067 Melana&
1164 2030 1428 2061 commentatione

149 2085 284 2125 (Gothae
311 2088 394 2118 1899
421 2097 450 2127 p.
469 2088 507 2118 31
519 2090 574 2122 ss.)
599 2086 644 2117 ita
660 2085 819 2126 repetivit,
845 2090 877 2116 ut
894 2095 956 2115 non
974 2085 1079 2115 onmia
1096 2083 1141 2115 illi
1163 2084 1252 2125 operi
1269 2083 1429 2114 Plutarchi

242 2183 259 2211 ¹)
282 2183 399 2216 Eclogas
424 2182 535 2209 Stobaei
560 2182 682 2215 singulas
713 2182 763 2208 huc
792 2181 959 2214 pertinentes
988 2180 1112 2207 enotavit
1142 2180 1326 2206 Bernardakis
1356 2180 1428 2205 Plut.

150 2227 216 2252 Mor.
238 2226 295 2252 VII
316 2228 400 2260 praef.
422 2236 447 2260 p.
461 2228 508 2253 ix.

1252 2270 1285 2295 1³
