1697 2530
132 254 272 287 indicata
304 255 345 287 sit
376 258 408 287 et
439 259 547 288 cetera
578 256 609 287 in
641 255 695 287 illo
728 256 849 288 scholio
878 255 957 288 scite
981 256 1152 290 intellecta.
1178 265 1292 296 nempe
1315 255 1414 287 verba

132 307 186 340 καὶ
209 305 266 339 οὐκ
289 303 328 350 ἦν
351 304 552 351 ὁμοιωθῆναι
576 307 664 350 ἄλλῳ
692 309 753 340 τινὶ
782 308 954 350 θαλασσίῳ
978 311 1042 350 (sc.
1066 308 1119 340 διὰ
1143 307 1180 340 τὸ
1204 309 1344 349 uereor>
1364 319 1413 341 re-

132 361 264 393 ferenda
286 365 359 393 sunt
383 361 424 393 ad
448 361 670 394 antecedentia
681 360 716 403 ¹),
741 372 824 402 quae
848 371 923 394 vero
943 365 1116 402 sequuntur
1139 361 1184 393 sic
1201 360 1413 394 emendanda:

132 412 170 446 οὗ
192 414 253 457 μὴν
271 412 354 446 ἄλλά
379 414 432 446 διὰ
455 415 492 446 τὸ
509 415 657 456 λαμπρον
673 415 727 445 καὶ
743 414 853 446 λευκὸν
875 418 930 457 τῆς
954 415 1053 453 θέας’
1078 416 1219 452 τοιοῦτος
1242 414 1302 456 γὰρ
1319 415 1373 446 καὶ
1397 412 1414 446 ὁ

131 467 227 509 λάρος
249 468 314 500 κτλ.
339 474 507 510 praeterea
524 469 582 500 hoc
606 478 732 509 quoque
757 468 838 499 falso
855 468 965 500 statuit
982 468 1187 507 Schraderus‚
1212 468 1414 510 compensari

133 531 227 563 posse
251 522 463 564 Porphyriani
493 521 607 553 scholii
639 522 792 554 iacturam
824 532 864 553 ex
892 521 1067 553 Eustathio.
1103 521 1222 553 assolet
1246 522 1329 553 enim
1353 522 1414 553 Eu-

132 575 269 607 stathius
285 575 397 607 eadem
415 579 566 616 excerpta
587 575 678 607 modo
703 576 799 617 plena
822 575 915 606 modo
940 575 971 606 in
996 575 1215 606 brevissimum
1239 579 1413 615 contracta,

133 631 225 670 prout
248 639 300 660 res
325 629 384 661 fert
408 632 464 661 aut
487 628 594 668 libido,
618 629 695 660 locis
719 628 1013 660 commentariorum
1038 628 1182 669 plurimis
1213 632 1358 669 repetere
1383 632 1414 660 et

131 681 173 712 ad
205 682 366 714 arbitrium
399 682 541 714 diversos
574 682 656 714 inter
679 692 713 713 se
738 681 870 713 miscere
894 682 1008 713 fontes.
1040 681 1085 713 sic
1110 681 1159 713 hic
1183 691 1318 722 quoque,
1344 691 1413 712 cum

134 735 320 776 praesertim
346 736 414 777 ipse
438 735 559 776 releget
579 736 618 766 ad
636 745 724 766 suum
741 735 772 766 in
790 734 921 766 Iliadem
939 734 1208 775 commentarium,
1233 735 1286 766 vix
1309 738 1414 776 potest

133 798 203 820 esse
229 789 367 827 dubium,
391 789 466 828 quin
490 799 552 820 non
577 788 784 829 pertinuerint
808 788 849 819 ad
873 798 998 819 versum
1022 799 1035 819 ε
1066 789 1105 820 51
1132 788 1189 819 illa
1213 798 1294 828 quae
1318 788 1412 819 modo

133 841 291 883 adscripsi
316 843 423 880 verba,
456 841 514 873 sed
546 852 585 873 ex
608 841 763 882 ampliore
787 841 842 872 illa
867 841 979 881 ecloga
1002 841 1065 872 siut
1089 842 1128 872 ab
1154 841 1319 873 Eustathio
1344 842 1413 883 ipso

133 895 278 937 repetita.
314 895 399 926 illam
432 906 508 927 vero
540 895 707 935 quominus
738 894 904 926 credamus
928 894 969 926 ad
994 894 1075 926 hunc
1101 904 1227 926 versum
1244 894 1317 926 olim
1341 905 1413 936 per-

131 948 275 987 tinuisse,
300 958 337 980 eo
362 948 497 980 maxime
523 947 719 989 impedimur,
750 947 834 987 quod
863 947 921 978 huc
953 952 1038 979 certe
1067 958 1169 987 neque
1195 952 1414 988 argumentum

133 1002 201 1033 eius
234 1012 336 1042 neque
370 1002 537 1042 dispositio
569 1006 663 1041 atque
696 1001 773 1032 ordo
797 1011 902 1032 rerum
926 1001 1070 1032 revocari
1093 1001 1157 1032 ullo
1182 1005 1275 1042 pacto
1300 1004 1414 1042 potest.

132 1064 266 1086 exorsus
298 1055 380 1086 enim
412 1065 431 1086 a
462 1055 649 1095 γλαυκῶπις
681 1053 871 1095 explicando
905 1057 1112 1094 cognomento
1137 1053 1321 1085 Eustathius
1345 1054 1415 1086 fusa

132 1112 228 1147 atque
252 1111 400 1139 accurata
424 1107 685 1148 interpretatione
711 1107 845 1148 primum
869 1117 946 1138 aves
970 1107 1082 1147 quibus
1107 1107 1146 1139 de
1171 1107 1278 1138 causis
1302 1117 1415 1139 sacrae

133 1160 310 1192 habeantur
333 1161 523 1201 exsequitur,
549 1160 662 1192 deinde
688 1161 829 1201 arbores,
854 1164 919 1191 tum
943 1161 1067 1192 marina
1090 1161 1252 1200 animalia,
1278 1161 1413 1201 denique

132 1214 305 1253 terrestria,
329 1214 360 1245 in
385 1214 498 1253 quibus
523 1213 650 1245 ultimus
668 1218 869 1245 enumeratur
886 1214 999 1253 anguis
1015 1214 1096 1245 sicut
1112 1217 1230 1245 noctua
1253 1214 1414 1246 Minervae

131 1270 333 1299 consecratus
357 1270 486 1308 propter
510 1267 669 1298 oculorum
699 1266 808 1298 aciem.
855 1267 963 1306 itaque
995 1276 1035 1298 ex
1068 1277 1106 1298 eo
1140 1266 1265 1306 quidem
1297 1277 1414 1307 genere

131 1320 360 1360 quaestionum,
404 1320 487 1360 quod
530 1320 562 1352 in
609 1320 710 1352 altero
749 1320 988 1352 Homericorum
1032 1330 1162 1361 operum
1201 1320 1415 1362 Porphyrium

133 1376 347 1415 pertractasse
370 1373 602 1405 Hefermehlius
634 1373 764 1414 monuit,
797 1373 853 1405 illa
884 1373 998 1414 ecloga
1026 1383 1097 1404 esse
1130 1383 1192 1404 non
1217 1377 1331 1414 potest.
1366 1374 1416 1405 sin

132 1437 207 1459 vero
232 1426 273 1458 ad
306 1427 440 1468 primum
473 1427 541 1458 eius
571 1436 658 1468 opus,
690 1437 751 1467 quo
776 1426 816 1457 τὰ
840 1426 921 1457 aaz&
946 1427 1004 1469 τήν
1027 1425 1146 1468 φράσιν
1169 1427 1330 1468 explicare
1354 1427 1415 1459 sibi

133 1480 306 1522 proposuit,
340 1481 523 1520 referamus,
559 1480 796 1511 concedendum
832 1480 924 1512 nobis
954 1490 1032 1511 sane
1065 1480 1124 1511 erit
1156 1481 1188 1511 in
1220 1480 1278 1511 hac
1303 1480 1415 1521 ecloga

133 1534 343 1575 Porphyrium
359 1533 483 1574 longius
500 1543 520 1564 a
536 1533 699 1575 proposito
716 1544 773 1565 suo
791 1533 967 1574 digressum
985 1543 1064 1565 esse.
1101 1533 1191 1565 cuius
1208 1533 1415 1574 digressionis

133 1587 373 1628 amplitudinem
397 1597 528 1619 necesse
546 1592 593 1619 est
618 1597 656 1619 eo
681 1587 831 1618 maiorem
855 1586 964 1629 luisse,
987 1586 1072 1627 quod
1095 1587 1127 1618 in
1152 1587 1324 1628 exemplari
1350 1587 1414 1627 illo,

133 1640 219 1681 quod
243 1641 284 1671 ad
308 1651 433 1672 manum
458 1641 516 1672 fuit
539 1641 717 1681 Eustathio,
742 1641 839 1672 multo
865 1641 959 1672 etiam
984 1641 1083 1672 fusius
1100 1641 1198 1672 fuisse
1215 1641 1254 1673 de
1271 1641 1415 1673 animali-

133 1694 192 1725 bus
215 1694 406 1734 disputatum
433 1693 650 1726 demonstrare
675 1704 844 1735 possumus
868 1704 908 1725 ex
931 1694 980 1725 his
1003 1694 1162 1725 Eustathii
1185 1695 1305 1726 verbis:

200 1765 287 1796 Eust.
312 1776 343 1807 p.
368 1766 521 1807 449,1ss.
546 1767 587 1804 (A
609 1766 669 1797 101
700 1763 747 1795 εὔ·
869 1765 1008 1796 Macrob.
1044 1764 1070 1804 Ι,
1112 1767 1161 1805 17,
1190 1766 1279 1797 37ss.
1318 1766 1415 1807 prisci

134 1829 188 1858 χεο
211 1816 237 1849 δ’
261 1816 430 1849 Ἀπόλλωνι
455 1817 615 1860 λυκηγενέι
640 1818 747 1849 κλυτο-
803 1818 998 1850 Graecorum
1030 1818 1164 1859 primam
1194 1818 1306 1859 lucem,
1332 1829 1415 1859 qnae

135 1871 246 1913 τόξῳ);
271 1870 386 1912 ἑτέρως
407 1870 451 1907 δέ,
476 1870 585 1913 ὥσπερ
601 1869 618 1903 ὁ
636 1871 747 1908 κύκνος
802 1871 967 1913 praecedit
1013 1872 1090 1903 solis
1136 1876 1274 1911 exortus,
1321 1872 1416 1915 λύκην

135 1923 272 1966 ἱεροῦται
295 1922 479 1956 Ἀπόλλωνι
511 1921 555 1962 ὡς
588 1923 664 1967 ἡλίῳ
693 1924 746 1956 διὰ
802 1925 1044 1966 appellaverunt
1069 1922 1138 1957 ἀπὸ
1154 1928 1210 1956 τοῦ
1226 1925 1346 1957 λευκοῦ.
1378 1926 1416 1957 id

134 1978 193 2020 τήν
223 1977 405 2020 λευκότητα,
433 1978 486 2009 καὶ
516 1976 533 2009 ὖ
565 1977 663 2020 κόραξ
693 1977 747 2009 διὰ
802 1979 984 2019 temporis
1018 1977 1206 2019 hodieque
1241 1978 1416 2021 λυκὸφως

229 2092 248 2122 ¹)
267 2091 323 2116 Διὰ
346 2093 373 2116 τί
391 2090 464 2125 λάρῳ
488 2094 531 2116 καὶ
549 2092 585 2124 μὴ
609 2091 679 2123 ἀετῷ
703 2091 794 2118 ἐοικώς
817 2091 831 2123 ἢ
852 2090 924 2123 ἄλλῳ
943 2094 997 2117 τινὶ
1016 2092 1146 2124 vocabum
1175 2091 1243 2118 διότι
1263 2091 1318 2118 οὔτ’
1340 2093 1416 2121 ἀετὸς

134 2132 190 2160 αὖτ’
211 2134 277 2160 ἄλλο
298 2145 323 2160 τι
341 2143 494 2171 χερσαῖον
513 2134 613 2171 ὄρνεον
631 2135 744 2161 δύναται
763 2135 860 2168 πλέειν,
880 2135 915 2163 ὠς
933 2137 990 2161 τῶν
1004 2136 1113 2171 πτερῶν
1126 2136 1302 2171 ἦραιωμὲνων
1315 2136 1416 2168 ὄντων,

134 2177 150 2204 o‘
171 2178 200 2204 δὲ
217 2179 297 2214 λάρος
317 2179 496 2208 θαλάσσιος
514 2183 557 2206 καὶ
576 2181 746 2213 πυκνότερος.
785 2183 828 2206 καὶ
847 2180 894 2206 οὑκ
914 2178 947 2213 ἢν
966 2180 1024 2208 κτλ.
