<?xml version="1.0" encoding="UTF-8"?>
<!DOCTYPE html PUBLIC "-//W3C//DTD XHTML 1.0 Transitional//EN"
    "http://www.w3.org/TR/xhtml1/DTD/xhtml1-transitional.dtd">
<html xmlns="http://www.w3.org/1999/xhtml" xml:lang="en" lang="en">
 <head>
  <title>
</title>
<meta http-equiv="Content-Type" content="text/html;charset=utf-8" />
  <meta name='ocr-system' content='tesseract 3.04.00' />
  <meta name='ocr-capabilities' content='ocr_page ocr_carea ocr_par ocr_line ocrx_word'/>
</head>
<body>
  <div class='ocr_page' id='page_1' title='image "./degraecorumtheol00reinuoft_0014.png"; bbox 0 0 1697 2530; ppageno 0'>
   <div class='ocr_carea' id='block_1_1' title="bbox 887 189 906 218">
    <p class='ocr_par' dir='ltr' id='par_1_1' title="bbox 887 189 906 218">
     <span class='ocr_line' id='line_1_1' title="bbox 887 189 906 218; baseline 0 0"><span class='ocrx_word' id='word_1_1' title='bbox 887 189 906 218; x_wconf 79' lang='lat'>4</span> 
     </span>
    </p>
   </div>
   <div class='ocr_carea' id='block_1_2' title="bbox 794 233 1002 236">
    <p class='ocr_par' dir='ltr' id='par_1_2' title="bbox 794 233 1002 236">
     <span class='ocr_line' id='line_1_2' title="bbox 794 233 1002 236; baseline 0 0"><span class='ocrx_word' id='word_1_2' title='bbox 794 233 1002 236; x_wconf 95' lang='lat' dir='ltr'> </span> 
     </span>
    </p>
   </div>
   <div class='ocr_carea' id='block_1_3' title="bbox 260 290 1534 1601">
    <p class='ocr_par' dir='ltr' id='par_1_3' title="bbox 260 290 1534 1601">
     <span class='ocr_line' id='line_1_3' title="bbox 262 290 1533 332; baseline 0.002 -11"><span class='ocrx_word' id='word_1_3' title='bbox 262 291 424 332; x_wconf 88' lang='lat' dir='ltr'>personati</span> <span class='ocrx_word' id='word_1_4' title='bbox 460 290 565 330; x_wconf 84' lang='lat' dir='ltr'>capita</span> <span class='ocrx_word' id='word_1_5' title='bbox 597 300 679 330; x_wconf 89' lang='lat' dir='ltr'>quae</span> <span class='ocrx_word' id='word_1_6' title='bbox 713 293 785 321; x_wconf 84' lang='lat' dir='ltr'>ante</span> <span class='ocrx_word' id='word_1_7' title='bbox 818 290 1032 322; x_wconf 77' lang='lat' dir='ltr'>vindicaverat</span> <span class='ocrx_word' id='word_1_8' title='bbox 1063 292 1292 331; x_wconf 53' lang='lat'>(1292—150)</span> <span class='ocrx_word' id='word_1_9' title='bbox 1324 292 1379 323; x_wconf 89' lang='lat' dir='ltr'>sed</span> <span class='ocrx_word' id='word_1_10' title='bbox 1411 296 1533 332; x_wconf 85' lang='lat' dir='ltr'>partem</span> 
     </span>
     <span class='ocr_line' id='line_1_4' title="bbox 263 343 1534 382; baseline 0.001 -7"><span class='ocrx_word' id='word_1_11' title='bbox 263 347 382 375; x_wconf 83' lang='lat' dir='ltr'>tantum</span> <span class='ocrx_word' id='word_1_12' title='bbox 408 343 516 374; x_wconf 87' lang='lat' dir='ltr'>horum</span> <span class='ocrx_word' id='word_1_13' title='bbox 541 343 724 382; x_wconf 79' lang='lat' dir='ltr'>vindicaret,</span> <span class='ocrx_word' id='word_1_14' title='bbox 750 346 856 374; x_wconf 85' lang='lat' dir='ltr'>cetera</span> <span class='ocrx_word' id='word_1_15' title='bbox 872 344 1015 374; x_wconf 87' lang='lat' dir='ltr'>nimirum</span> <span class='ocrx_word' id='word_1_16' title='bbox 1032 345 1198 375; x_wconf 79' lang='lat' dir='ltr'>referenda</span> <span class='ocrx_word' id='word_1_17' title='bbox 1213 347 1299 376; x_wconf 86' lang='lat' dir='ltr'>ratus</span> <span class='ocrx_word' id='word_1_18' title='bbox 1315 345 1356 375; x_wconf 89' lang='lat' dir='ltr'>ad</span> <span class='ocrx_word' id='word_1_19' title='bbox 1372 345 1534 376; x_wconf 74' lang='lat' dir='ltr'>Plutarchi</span> 
     </span>
     <span class='ocr_line' id='line_1_5' title="bbox 264 394 1533 438; baseline 0 -10"><span class='ocrx_word' id='word_1_20' title='bbox 264 396 494 428; x_wconf 80' lang='lat' dir='ltr'>Chaeronensis</span> <span class='ocrx_word' id='word_1_21' title='bbox 510 394 673 437; x_wconf 70' lang='grc' dir='ltr'><em>Ὁμηρικεὶς</em></span> <span class='ocrx_word' id='word_1_22' title='bbox 692 395 833 436; x_wconf 76' lang='grc' dir='ltr'>μελέτας,</span> <span class='ocrx_word' id='word_1_23' title='bbox 859 396 970 435; x_wconf 89' lang='lat' dir='ltr'>quibus</span> <span class='ocrx_word' id='word_1_24' title='bbox 995 397 1062 427; x_wconf 81' lang='lat' dir='ltr'>fuse</span> <span class='ocrx_word' id='word_1_25' title='bbox 1080 397 1131 427; x_wconf 86' lang='lat' dir='ltr'>ille</span> <span class='ocrx_word' id='word_1_26' title='bbox 1157 400 1187 428; x_wconf 84' lang='lat' dir='ltr'>ct</span> <span class='ocrx_word' id='word_1_27' title='bbox 1204 397 1331 438; x_wconf 82' lang='lat' dir='ltr'>copiose</span> <span class='ocrx_word' id='word_1_28' title='bbox 1350 397 1388 429; x_wconf 89' lang='lat' dir='ltr'>de</span> <span class='ocrx_word' id='word_1_29' title='bbox 1406 398 1533 429; x_wconf 80' lang='lat' dir='ltr'>Homeri</span> 
     </span>
     <span class='ocr_line' id='line_1_6' title="bbox 262 448 1533 491; baseline 0.001 -11"><span class='ocrx_word' id='word_1_30' title='bbox 262 450 462 491; x_wconf 79' lang='lat' dir='ltr'>philosophia</span> <span class='ocrx_word' id='word_1_31' title='bbox 502 448 700 489; x_wconf 83' lang='lat' dir='ltr'>disputasset.</span> <span class='ocrx_word' id='word_1_32' title='bbox 748 452 819 489; x_wconf 89' lang='lat' dir='ltr'>post</span> <span class='ocrx_word' id='word_1_33' title='bbox 855 449 1062 480; x_wconf 83' lang='lat' dir='ltr'>Schraderum</span> <span class='ocrx_word' id='word_1_34' title='bbox 1095 459 1169 481; x_wconf 87' lang='lat' dir='ltr'>vero</span> <span class='ocrx_word' id='word_1_35' title='bbox 1206 450 1244 481; x_wconf 89' lang='lat' dir='ltr'>de</span> <span class='ocrx_word' id='word_1_36' title='bbox 1279 450 1371 481; x_wconf 80' lang='lat' dir='ltr'>Vitae</span> <span class='ocrx_word' id='word_1_37' title='bbox 1406 451 1533 481; x_wconf 78' lang='lat' dir='ltr'>Homeri</span> 
     </span>
     <span class='ocr_line' id='line_1_7' title="bbox 263 502 1532 543; baseline 0.001 -10"><span class='ocrx_word' id='word_1_38' title='bbox 263 503 387 543; x_wconf 86' lang='lat' dir='ltr'>quidem</span> <span class='ocrx_word' id='word_1_39' title='bbox 412 502 517 532; x_wconf 81' lang='lat' dir='ltr'>indole</span> <span class='ocrx_word' id='word_1_40' title='bbox 548 505 675 532; x_wconf 83' lang='lat' dir='ltr'>anctore</span> <span class='ocrx_word' id='word_1_41' title='bbox 708 502 890 532; x_wconf 86' lang='lat' dir='ltr'>condicione</span> <span class='ocrx_word' id='word_1_42' title='bbox 922 502 1028 542; x_wconf 88' lang='lat' dir='ltr'>plures</span> <span class='ocrx_word' id='word_1_43' title='bbox 1060 502 1245 533; x_wconf 84' lang='lat' dir='ltr'>exstiterunt</span> <span class='ocrx_word' id='word_1_44' title='bbox 1277 503 1335 534; x_wconf 90' lang='lat' dir='ltr'>viri</span> <span class='ocrx_word' id='word_1_45' title='bbox 1367 503 1450 534; x_wconf 85' lang='lat' dir='ltr'>docti</span> <span class='ocrx_word' id='word_1_46' title='bbox 1482 504 1532 543; x_wconf 86' lang='lat' dir='ltr'>qni</span> 
     </span>
     <span class='ocr_line' id='line_1_8' title="bbox 264 554 1532 596; baseline 0.001 -10"><span class='ocrx_word' id='word_1_47' title='bbox 264 555 372 586; x_wconf 84' lang='lat' dir='ltr'>dedita</span> <span class='ocrx_word' id='word_1_48' title='bbox 396 565 494 596; x_wconf 85' lang='lat' dir='ltr'>opera</span> <span class='ocrx_word' id='word_1_49' title='bbox 511 565 700 594; x_wconf 85' lang='lat' dir='ltr'>quamquam</span> <span class='ocrx_word' id='word_1_50' title='bbox 718 565 866 586; x_wconf 84' lang='lat' dir='ltr'>successu</span> <span class='ocrx_word' id='word_1_51' title='bbox 883 565 945 585; x_wconf 85' lang='lat' dir='ltr'>non</span> <span class='ocrx_word' id='word_1_52' title='bbox 961 555 1007 585; x_wconf 88' lang='lat' dir='ltr'>ita</span> <span class='ocrx_word' id='word_1_53' title='bbox 1023 554 1107 585; x_wconf 81' lang='lat' dir='ltr'>felici</span> <span class='ocrx_word' id='word_1_54' title='bbox 1125 554 1332 595; x_wconf 78' lang='lat' dir='ltr'>disputarent,</span> <span class='ocrx_word' id='word_1_55' title='bbox 1356 556 1532 587; x_wconf 81' lang='lat' dir='ltr'>Bernarda-</span> 
     </span>
     <span class='ocr_line' id='line_1_9' title="bbox 262 607 1532 649; baseline 0.001 -10"><span class='ocrx_word' id='word_1_56' title='bbox 262 609 361 640; x_wconf 85' lang='lat' dir='ltr'>kisius</span> <span class='ocrx_word' id='word_1_57' title='bbox 386 609 417 639; x_wconf 89' lang='lat' dir='ltr'>in</span> <span class='ocrx_word' id='word_1_58' title='bbox 442 609 537 649; x_wconf 77' lang='lat' dir='ltr'>prael.</span> <span class='ocrx_word' id='word_1_59' title='bbox 556 608 666 639; x_wconf 83' lang='lat' dir='ltr'>Moral.</span> <span class='ocrx_word' id='word_1_60' title='bbox 685 608 743 638; x_wconf 90' lang='lat' dir='ltr'>VII</span> <span class='ocrx_word' id='word_1_61' title='bbox 767 619 796 648; x_wconf 93' lang='lat' dir='ltr'>p.</span> <span class='ocrx_word' id='word_1_62' title='bbox 814 609 895 647; x_wconf 79' lang='lat' dir='ltr'>9ss.,</span> <span class='ocrx_word' id='word_1_63' title='bbox 920 608 947 639; x_wconf 88' lang='lat' dir='ltr'>J.</span> <span class='ocrx_word' id='word_1_64' title='bbox 972 607 1131 639; x_wconf 86' lang='lat' dir='ltr'>Mehlerus</span> <span class='ocrx_word' id='word_1_65' title='bbox 1154 607 1185 638; x_wconf 89' lang='lat' dir='ltr'>in</span> <span class='ocrx_word' id='word_1_66' title='bbox 1203 608 1286 639; x_wconf 88' lang='lat' dir='ltr'>Diss.</span> <span class='ocrx_word' id='word_1_67' title='bbox 1311 608 1349 639; x_wconf 87' lang='lat' dir='ltr'>de</span> <span class='ocrx_word' id='word_1_68' title='bbox 1371 609 1451 640; x_wconf 89' lang='lat' dir='ltr'>Plut.</span> <span class='ocrx_word' id='word_1_69' title='bbox 1469 620 1496 648; x_wconf 86' lang='lat' dir='ltr'>q.</span> <span class='ocrx_word' id='word_1_70' title='bbox 1514 610 1532 640; x_wconf 80' lang='lat' dir='ltr'>f.</span> 
     </span>
     <span class='ocr_line' id='line_1_10' title="bbox 263 660 1532 700; baseline 0 -8"><span class='ocrx_word' id='word_1_71' title='bbox 263 661 322 692; x_wconf 83' lang='lat' dir='ltr'>Vit.</span> <span class='ocrx_word' id='word_1_72' title='bbox 347 661 435 692; x_wconf 88' lang='lat' dir='ltr'>Hom.</span> <span class='ocrx_word' id='word_1_73' title='bbox 460 660 630 691; x_wconf 60' lang='lat' dir='ltr'>Amstelod.</span> <span class='ocrx_word' id='word_1_74' title='bbox 658 661 752 700; x_wconf 80' lang='lat'>1896,</span> <span class='ocrx_word' id='word_1_75' title='bbox 785 660 820 691; x_wconf 92' lang='lat' dir='ltr'>B.</span> <span class='ocrx_word' id='word_1_76' title='bbox 846 660 1029 691; x_wconf 85' lang='lat' dir='ltr'>Baedorfius</span> <span class='ocrx_word' id='word_1_77' title='bbox 1062 660 1110 691; x_wconf 94' lang='lat' dir='ltr'>De</span> <span class='ocrx_word' id='word_1_78' title='bbox 1133 660 1214 691; x_wconf 81' lang='lat' dir='ltr'>Plut.</span> <span class='ocrx_word' id='word_1_79' title='bbox 1240 661 1301 691; x_wconf 86' lang='lat' dir='ltr'>Vit.</span> <span class='ocrx_word' id='word_1_80' title='bbox 1331 661 1418 692; x_wconf 87' lang='lat' dir='ltr'>Hom.</span> <span class='ocrx_word' id='word_1_81' title='bbox 1448 662 1532 693; x_wconf 77' lang='lat' dir='ltr'>Diss.</span> 
     </span>
     <span class='ocr_line' id='line_1_11' title="bbox 262 713 1533 754; baseline 0.002 -10"><span class='ocrx_word' id='word_1_82' title='bbox 262 713 347 744; x_wconf 88' lang='lat' dir='ltr'>Mon.</span> <span class='ocrx_word' id='word_1_83' title='bbox 365 713 483 744; x_wconf 72' lang='lat' dir='ltr'>Guestf.</span> <span class='ocrx_word' id='word_1_84' title='bbox 511 714 606 753; x_wconf 79' lang='lat'>1891,</span> <span class='ocrx_word' id='word_1_85' title='bbox 632 713 669 744; x_wconf 91' lang='lat' dir='ltr'>de</span> <span class='ocrx_word' id='word_1_86' title='bbox 694 713 814 753; x_wconf 82' lang='lat' dir='ltr'>origine</span> <span class='ocrx_word' id='word_1_87' title='bbox 838 723 913 744; x_wconf 88' lang='lat' dir='ltr'>vero</span> <span class='ocrx_word' id='word_1_88' title='bbox 935 713 1171 744; x_wconf 87' lang='lat' dir='ltr'>Homericarum</span> <span class='ocrx_word' id='word_1_89' title='bbox 1195 713 1414 753; x_wconf 81' lang='lat' dir='ltr'>allegoriarum</span> <span class='ocrx_word' id='word_1_90' title='bbox 1441 717 1533 754; x_wconf 87' lang='lat' dir='ltr'>atque</span> 
     </span>
     <span class='ocr_line' id='line_1_12' title="bbox 263 766 1533 806; baseline 0.002 -10"><span class='ocrx_word' id='word_1_91' title='bbox 263 769 333 797; x_wconf 88' lang='lat' dir='ltr'>ortu</span> <span class='ocrx_word' id='word_1_92' title='bbox 358 767 409 806; x_wconf 84' lang='lat' dir='ltr'>qui</span> <span class='ocrx_word' id='word_1_93' title='bbox 434 776 547 796; x_wconf 87' lang='lat' dir='ltr'>novam</span> <span class='ocrx_word' id='word_1_94' title='bbox 573 766 736 806; x_wconf 89' lang='lat' dir='ltr'>protulerit</span> <span class='ocrx_word' id='word_1_95' title='bbox 761 769 792 797; x_wconf 91' lang='lat' dir='ltr'>et</span> <span class='ocrx_word' id='word_1_96' title='bbox 816 767 946 806; x_wconf 85' lang='lat' dir='ltr'>probam</span> <span class='ocrx_word' id='word_1_97' title='bbox 972 766 1192 804; x_wconf 86' lang='lat' dir='ltr'>coniecturam,</span> <span class='ocrx_word' id='word_1_98' title='bbox 1226 776 1305 797; x_wconf 88' lang='lat' dir='ltr'>unus</span> <span class='ocrx_word' id='word_1_99' title='bbox 1335 767 1419 798; x_wconf 90' lang='lat' dir='ltr'>solus</span> <span class='ocrx_word' id='word_1_100' title='bbox 1443 768 1533 798; x_wconf 86' lang='lat' dir='ltr'>nobis</span> 
     </span>
     <span class='ocr_line' id='line_1_13' title="bbox 263 818 1533 858; baseline 0.002 -9"><span class='ocrx_word' id='word_1_101' title='bbox 263 819 553 850; x_wconf 88' lang='lat' dir='ltr'>commemorandus</span> <span class='ocrx_word' id='word_1_102' title='bbox 574 822 621 849; x_wconf 91' lang='lat' dir='ltr'>est</span> <span class='ocrx_word' id='word_1_103' title='bbox 638 819 788 850; x_wconf 86' lang='lat' dir='ltr'>Ernestns</span> <span class='ocrx_word' id='word_1_104' title='bbox 812 819 976 850; x_wconf 87' lang='lat' dir='ltr'>Maassius.</span> <span class='ocrx_word' id='word_1_105' title='bbox 1015 819 1136 849; x_wconf 88' lang='lat' dir='ltr'>censuit</span> <span class='ocrx_word' id='word_1_106' title='bbox 1160 819 1186 849; x_wconf 88' lang='lat' dir='ltr'>is</span> <span class='ocrx_word' id='word_1_107' title='bbox 1211 818 1335 858; x_wconf 82' lang='lat' dir='ltr'>quidem</span> <span class='ocrx_word' id='word_1_108' title='bbox 1361 820 1391 850; x_wconf 89' lang='lat' dir='ltr'>in</span> <span class='ocrx_word' id='word_1_109' title='bbox 1408 820 1533 851; x_wconf 82' lang='lat' dir='ltr'>Arateis</span> 
     </span>
     <span class='ocr_line' id='line_1_14' title="bbox 262 871 1534 914; baseline 0.001 -11"><span class='ocrx_word' id='word_1_110' title='bbox 262 884 293 914; x_wconf 88' lang='lat' dir='ltr'>p.</span> <span class='ocrx_word' id='word_1_111' title='bbox 314 874 385 912; x_wconf 82' lang='lat'>175,</span> <span class='ocrx_word' id='word_1_112' title='bbox 420 872 446 903; x_wconf 85' lang='lat' dir='ltr'>si</span> <span class='ocrx_word' id='word_1_113' title='bbox 479 872 536 903; x_wconf 77' lang='lat' dir='ltr'>viri</span> <span class='ocrx_word' id='word_1_114' title='bbox 571 871 744 902; x_wconf 71' lang='lat' dir='ltr'>doctissimi</span> <span class='ocrx_word' id='word_1_115' title='bbox 773 876 858 902; x_wconf 88' lang='lat' dir='ltr'>recte</span> <span class='ocrx_word' id='word_1_116' title='bbox 887 872 1036 911; x_wconf 81' lang='lat' dir='ltr'>intellego</span> <span class='ocrx_word' id='word_1_117' title='bbox 1068 872 1218 912; x_wconf 83' lang='lat' dir='ltr'>rationes,</span> <span class='ocrx_word' id='word_1_118' title='bbox 1251 872 1367 903; x_wconf 78' lang='lat' dir='ltr'>iontem</span> <span class='ocrx_word' id='word_1_119' title='bbox 1399 873 1486 904; x_wconf 91' lang='lat' dir='ltr'>illum</span> <span class='ocrx_word' id='word_1_120' title='bbox 1515 884 1534 904; x_wconf 86' lang='lat' dir='ltr'>a</span> 
     </span>
     <span class='ocr_line' id='line_1_15' title="bbox 263 921 1533 966; baseline 0 -9"><span class='ocrx_word' id='word_1_121' title='bbox 263 926 404 957; x_wconf 84' lang='lat' dir='ltr'>Dielesio</span> <span class='ocrx_word' id='word_1_122' title='bbox 441 926 619 965; x_wconf 82' lang='lat' dir='ltr'>indagatum</span> <span class='ocrx_word' id='word_1_123' title='bbox 646 925 721 956; x_wconf 89' lang='lat' dir='ltr'>nihil</span> <span class='ocrx_word' id='word_1_124' title='bbox 757 925 843 956; x_wconf 87' lang='lat' dir='ltr'>aliud</span> <span class='ocrx_word' id='word_1_125' title='bbox 879 935 948 957; x_wconf 79' lang='lat' dir='ltr'>esse</span> <span class='ocrx_word' id='word_1_126' title='bbox 984 925 1044 956; x_wconf 84' lang='lat' dir='ltr'>nisi</span> <span class='ocrx_word' id='word_1_127' title='bbox 1072 921 1240 966; x_wconf 78' lang='grc' dir='ltr'><em>Ὁμηρικῶν</em></span> <span class='ocrx_word' id='word_1_128' title='bbox 1269 925 1365 956; x_wconf 89' lang='lat' dir='ltr'>libros</span> <span class='ocrx_word' id='word_1_129' title='bbox 1399 926 1533 957; x_wconf 84' lang='lat' dir='ltr'>Cratetis</span> 
     </span>
     <span class='ocr_line' id='line_1_16' title="bbox 262 978 1531 1020; baseline 0 -11"><span class='ocrx_word' id='word_1_130' title='bbox 262 979 412 1020; x_wconf 82' lang='lat' dir='ltr'>principis</span> <span class='ocrx_word' id='word_1_131' title='bbox 437 979 520 1009; x_wconf 90' lang='lat' dir='ltr'>illius</span> <span class='ocrx_word' id='word_1_132' title='bbox 537 979 811 1019; x_wconf 83' lang='lat' dir='ltr'>grammaticorum</span> <span class='ocrx_word' id='word_1_133' title='bbox 830 978 1131 1019; x_wconf 81' lang='lat' dir='ltr'>Pergamenorum1).</span> <span class='ocrx_word' id='word_1_134' title='bbox 1170 979 1251 1009; x_wconf 90' lang='lat' dir='ltr'>hanc</span> <span class='ocrx_word' id='word_1_135' title='bbox 1269 989 1327 1019; x_wconf 82' lang='lat' dir='ltr'>ego</span> <span class='ocrx_word' id='word_1_136' title='bbox 1346 979 1531 1010; x_wconf 84' lang='lat' dir='ltr'>sententiam</span> 
     </span>
     <span class='ocr_line' id='line_1_17' title="bbox 262 1030 1531 1072; baseline 0 -10"><span class='ocrx_word' id='word_1_137' title='bbox 262 1032 403 1063; x_wconf 85' lang='lat' dir='ltr'>veritatis</span> <span class='ocrx_word' id='word_1_138' title='bbox 429 1032 554 1071; x_wconf 87' lang='lat' dir='ltr'>quidem</span> <span class='ocrx_word' id='word_1_139' title='bbox 580 1041 725 1071; x_wconf 80' lang='lat' dir='ltr'>magnam</span> <span class='ocrx_word' id='word_1_140' title='bbox 752 1040 828 1072; x_wconf 87' lang='lat' dir='ltr'>prae</span> <span class='ocrx_word' id='word_1_141' title='bbox 853 1041 887 1062; x_wconf 86' lang='lat' dir='ltr'>se</span> <span class='ocrx_word' id='word_1_142' title='bbox 911 1032 992 1062; x_wconf 78' lang='lat' dir='ltr'>ferre</span> <span class='ocrx_word' id='word_1_143' title='bbox 1026 1031 1163 1072; x_wconf 83' lang='lat' dir='ltr'>speciem</span> <span class='ocrx_word' id='word_1_144' title='bbox 1199 1034 1286 1062; x_wconf 89' lang='lat' dir='ltr'>ratus</span> <span class='ocrx_word' id='word_1_145' title='bbox 1317 1031 1371 1062; x_wconf 86' lang='lat' dir='ltr'>sed</span> <span class='ocrx_word' id='word_1_146' title='bbox 1397 1030 1531 1062; x_wconf 82' lang='lat' dir='ltr'>nondum</span> 
     </span>
     <span class='ocr_line' id='line_1_18' title="bbox 262 1083 1532 1125; baseline -0.001 -10"><span class='ocrx_word' id='word_1_147' title='bbox 262 1085 301 1115; x_wconf 89' lang='lat' dir='ltr'>ad</span> <span class='ocrx_word' id='word_1_148' title='bbox 328 1095 407 1124; x_wconf 88' lang='lat' dir='ltr'>enm,</span> <span class='ocrx_word' id='word_1_149' title='bbox 433 1095 524 1124; x_wconf 82' lang='lat' dir='ltr'>quem</span> <span class='ocrx_word' id='word_1_150' title='bbox 550 1084 718 1123; x_wconf 79' lang='lat' dir='ltr'>desideres,</span> <span class='ocrx_word' id='word_1_151' title='bbox 744 1083 889 1115; x_wconf 84' lang='lat' dir='ltr'>adactam</span> <span class='ocrx_word' id='word_1_152' title='bbox 915 1094 984 1115; x_wconf 83' lang='lat' dir='ltr'>esse</span> <span class='ocrx_word' id='word_1_153' title='bbox 1001 1084 1234 1124; x_wconf 85' lang='lat' dir='ltr'>probabilitatis</span> <span class='ocrx_word' id='word_1_154' title='bbox 1252 1084 1391 1123; x_wconf 85' lang='lat' dir='ltr'>gradum,</span> <span class='ocrx_word' id='word_1_155' title='bbox 1417 1094 1532 1125; x_wconf 86' lang='lat' dir='ltr'>operae</span> 
     </span>
     <span class='ocr_line' id='line_1_19' title="bbox 262 1137 1531 1178; baseline -0.001 -10"><span class='ocrx_word' id='word_1_156' title='bbox 262 1148 310 1168; x_wconf 79' lang='lat' dir='ltr'>nic</span> <span class='ocrx_word' id='word_1_157' title='bbox 346 1138 479 1178; x_wconf 81' lang='lat' dir='ltr'>pretinm</span> <span class='ocrx_word' id='word_1_158' title='bbox 516 1148 584 1168; x_wconf 81' lang='lat' dir='ltr'>esse</span> <span class='ocrx_word' id='word_1_159' title='bbox 620 1138 771 1168; x_wconf 78' lang='lat' dir='ltr'>facturum</span> <span class='ocrx_word' id='word_1_160' title='bbox 809 1137 891 1174; x_wconf 80' lang='lat' dir='ltr'>duxi,</span> <span class='ocrx_word' id='word_1_161' title='bbox 928 1137 954 1167; x_wconf 86' lang='lat' dir='ltr'>si</span> <span class='ocrx_word' id='word_1_162' title='bbox 987 1137 1025 1168; x_wconf 88' lang='lat' dir='ltr'>de</span> <span class='ocrx_word' id='word_1_163' title='bbox 1062 1137 1183 1177; x_wconf 83' lang='lat' dir='ltr'>integro</span> <span class='ocrx_word' id='word_1_164' title='bbox 1216 1137 1291 1167; x_wconf 90' lang='lat' dir='ltr'>mihi</span> <span class='ocrx_word' id='word_1_165' title='bbox 1324 1147 1531 1178; x_wconf 82' lang='lat' dir='ltr'>proponerem</span> 
     </span>
     <span class='ocr_line' id='line_1_20' title="bbox 263 1190 1532 1229; baseline -0.001 -8"><span class='ocrx_word' id='word_1_166' title='bbox 263 1190 515 1221; x_wconf 80' lang='lat' dir='ltr'>examinandam.</span> <span class='ocrx_word' id='word_1_167' title='bbox 564 1190 618 1221; x_wconf 89' lang='lat' dir='ltr'>sed</span> <span class='ocrx_word' id='word_1_168' title='bbox 642 1200 704 1221; x_wconf 91' lang='lat' dir='ltr'>non</span> <span class='ocrx_word' id='word_1_169' title='bbox 728 1190 773 1221; x_wconf 88' lang='lat' dir='ltr'>ita</span> <span class='ocrx_word' id='word_1_170' title='bbox 801 1190 900 1220; x_wconf 86' lang='lat' dir='ltr'>visum</span> <span class='ocrx_word' id='word_1_171' title='bbox 930 1193 977 1220; x_wconf 79' lang='lat' dir='ltr'>est</span> <span class='ocrx_word' id='word_1_172' title='bbox 1005 1190 1220 1229; x_wconf 85' lang='lat' dir='ltr'>quaestionem</span> <span class='ocrx_word' id='word_1_173' title='bbox 1250 1190 1423 1229; x_wconf 76' lang='lat' dir='ltr'>instituere,</span> <span class='ocrx_word' id='word_1_174' title='bbox 1456 1193 1490 1220; x_wconf 92' lang='lat' dir='ltr'>ut</span> <span class='ocrx_word' id='word_1_175' title='bbox 1515 1200 1532 1220; x_wconf 83' lang='lat' dir='ltr'>a</span> 
     </span>
     <span class='ocr_line' id='line_1_21' title="bbox 260 1242 1533 1283; baseline -0.001 -9"><span class='ocrx_word' id='word_1_176' title='bbox 260 1244 385 1274; x_wconf 87' lang='lat' dir='ltr'>testatis</span> <span class='ocrx_word' id='word_1_177' title='bbox 410 1247 441 1275; x_wconf 85' lang='lat' dir='ltr'>et</span> <span class='ocrx_word' id='word_1_178' title='bbox 475 1244 659 1274; x_wconf 86' lang='lat' dir='ltr'>indubitatis</span> <span class='ocrx_word' id='word_1_179' title='bbox 677 1243 811 1274; x_wconf 82' lang='lat' dir='ltr'>Cratetis</span> <span class='ocrx_word' id='word_1_180' title='bbox 845 1243 1028 1282; x_wconf 81' lang='lat' dir='ltr'>fragmentis</span> <span class='ocrx_word' id='word_1_181' title='bbox 1056 1242 1280 1283; x_wconf 69' lang='lat' dir='ltr'>proficiscerer,</span> <span class='ocrx_word' id='word_1_182' title='bbox 1311 1242 1367 1273; x_wconf 87' lang='lat' dir='ltr'>scd</span> <span class='ocrx_word' id='word_1_183' title='bbox 1395 1243 1486 1273; x_wconf 87' lang='lat' dir='ltr'>libuit</span> <span class='ocrx_word' id='word_1_184' title='bbox 1515 1254 1533 1273; x_wconf 69' lang='lat' dir='ltr'>:t</span> 
     </span>
     <span class='ocr_line' id='line_1_22' title="bbox 262 1295 1530 1336; baseline -0.002 -9"><span class='ocrx_word' id='word_1_185' title='bbox 262 1297 432 1327; x_wconf 86' lang='lat' dir='ltr'>reconditis</span> <span class='ocrx_word' id='word_1_186' title='bbox 449 1296 602 1336; x_wconf 87' lang='lat' dir='ltr'>tectisque</span> <span class='ocrx_word' id='word_1_187' title='bbox 619 1296 728 1327; x_wconf 87' lang='lat' dir='ltr'>rivulis</span> <span class='ocrx_word' id='word_1_188' title='bbox 744 1295 898 1335; x_wconf 80' lang='lat' dir='ltr'>gradatim</span> <span class='ocrx_word' id='word_1_189' title='bbox 921 1296 1090 1326; x_wconf 82' lang='lat' dir='ltr'>escendere</span> <span class='ocrx_word' id='word_1_190' title='bbox 1115 1305 1151 1326; x_wconf 84' lang='lat' dir='ltr'>ac</span> <span class='ocrx_word' id='word_1_191' title='bbox 1175 1296 1325 1327; x_wconf 84' lang='lat' dir='ltr'>liceretne</span> <span class='ocrx_word' id='word_1_192' title='bbox 1350 1295 1390 1326; x_wconf 88' lang='lat' dir='ltr'>ad</span> <span class='ocrx_word' id='word_1_193' title='bbox 1415 1296 1530 1327; x_wconf 77' lang='lat' dir='ltr'>iontem</span> 
     </span>
     <span class='ocr_line' id='line_1_23' title="bbox 262 1348 1533 1390; baseline -0.002 -10"><span class='ocrx_word' id='word_1_194' title='bbox 262 1350 435 1381; x_wconf 86' lang='lat' dir='ltr'>ascendere</span> <span class='ocrx_word' id='word_1_195' title='bbox 452 1349 636 1390; x_wconf 83' lang='lat' dir='ltr'>periclitari.</span> <span class='ocrx_word' id='word_1_196' title='bbox 677 1352 771 1388; x_wconf 85' lang='lat' dir='ltr'>atque</span> <span class='ocrx_word' id='word_1_197' title='bbox 788 1349 921 1389; x_wconf 89' lang='lat' dir='ltr'>primum</span> <span class='ocrx_word' id='word_1_198' title='bbox 939 1348 1063 1388; x_wconf 88' lang='lat' dir='ltr'>quidem</span> <span class='ocrx_word' id='word_1_199' title='bbox 1089 1348 1190 1379; x_wconf 88' lang='lat' dir='ltr'>denuo</span> <span class='ocrx_word' id='word_1_200' title='bbox 1216 1348 1452 1389; x_wconf 82' lang='lat' dir='ltr'>disceptandum</span> <span class='ocrx_word' id='word_1_201' title='bbox 1474 1349 1533 1379; x_wconf 82' lang='lat' dir='ltr'>erit</span> 
     </span>
     <span class='ocr_line' id='line_1_24' title="bbox 262 1395 1530 1442; baseline -0.002 -9"><span class='ocrx_word' id='word_1_202' title='bbox 262 1402 300 1434; x_wconf 89' lang='lat' dir='ltr'>de</span> <span class='ocrx_word' id='word_1_203' title='bbox 326 1395 480 1433; x_wconf 82' lang='lat' dir='ltr'>communi</span> <span class='ocrx_word' id='word_1_204' title='bbox 506 1402 659 1433; x_wconf 83' lang='lat' dir='ltr'>Heracliti</span> <span class='ocrx_word' id='word_1_205' title='bbox 688 1406 718 1433; x_wconf 91' lang='lat' dir='ltr'>et</span> <span class='ocrx_word' id='word_1_206' title='bbox 742 1402 902 1432; x_wconf 87' lang='lat' dir='ltr'>Plutarchi</span> <span class='ocrx_word' id='word_1_207' title='bbox 933 1401 1093 1442; x_wconf 80' lang='lat' dir='ltr'>personati</span> <span class='ocrx_word' id='word_1_208' title='bbox 1124 1402 1218 1440; x_wconf 81' lang='lat' dir='ltr'>fonte,</span> <span class='ocrx_word' id='word_1_209' title='bbox 1251 1411 1343 1441; x_wconf 87' lang='lat' dir='ltr'>quem</span> <span class='ocrx_word' id='word_1_210' title='bbox 1376 1401 1530 1432; x_wconf 88' lang='lat' dir='ltr'>detectum</span> 
     </span>
     <span class='ocr_line' id='line_1_25' title="bbox 262 1454 1531 1494; baseline -0.002 -8"><span class='ocrx_word' id='word_1_211' title='bbox 262 1455 327 1487; x_wconf 84' lang='lat' dir='ltr'>dixi</span> <span class='ocrx_word' id='word_1_212' title='bbox 350 1465 370 1485; x_wconf 87' lang='lat' dir='ltr'>a</span> <span class='ocrx_word' id='word_1_213' title='bbox 394 1456 543 1488; x_wconf 79' lang='lat' dir='ltr'>Dielesio.</span> <span class='ocrx_word' id='word_1_214' title='bbox 577 1458 641 1486; x_wconf 91' lang='lat' dir='ltr'>tum</span> <span class='ocrx_word' id='word_1_215' title='bbox 672 1455 712 1485; x_wconf 88' lang='lat' dir='ltr'>ad</span> <span class='ocrx_word' id='word_1_216' title='bbox 742 1454 950 1485; x_wconf 87' lang='lat' dir='ltr'>testimonium</span> <span class='ocrx_word' id='word_1_217' title='bbox 977 1455 1035 1485; x_wconf 88' lang='lat' dir='ltr'>crit</span> <span class='ocrx_word' id='word_1_218' title='bbox 1071 1454 1264 1494; x_wconf 77' lang='lat' dir='ltr'>excitandus,</span> <span class='ocrx_word' id='word_1_219' title='bbox 1301 1454 1353 1494; x_wconf 89' lang='lat' dir='ltr'>qui</span> <span class='ocrx_word' id='word_1_220' title='bbox 1378 1454 1531 1485; x_wconf 84' lang='lat' dir='ltr'>immerito</span> 
     </span>
     <span class='ocr_line' id='line_1_26' title="bbox 261 1506 1532 1548; baseline -0.002 -9"><span class='ocrx_word' id='word_1_221' title='bbox 261 1508 361 1539; x_wconf 88' lang='lat' dir='ltr'>adhuc</span> <span class='ocrx_word' id='word_1_222' title='bbox 382 1508 547 1548; x_wconf 82' lang='lat' dir='ltr'>neglectus</span> <span class='ocrx_word' id='word_1_223' title='bbox 565 1508 655 1546; x_wconf 80' lang='lat' dir='ltr'>iacet,</span> <span class='ocrx_word' id='word_1_224' title='bbox 680 1507 873 1545; x_wconf 83' lang='lat' dir='ltr'>Eustathius,</span> <span class='ocrx_word' id='word_1_225' title='bbox 899 1510 931 1537; x_wconf 90' lang='lat' dir='ltr'>ut</span> <span class='ocrx_word' id='word_1_226' title='bbox 947 1507 979 1537; x_wconf 89' lang='lat' dir='ltr'>in</span> <span class='ocrx_word' id='word_1_227' title='bbox 996 1510 1134 1537; x_wconf 86' lang='lat' dir='ltr'>extremo</span> <span class='ocrx_word' id='word_1_228' title='bbox 1152 1506 1285 1545; x_wconf 87' lang='lat' dir='ltr'>deniqne</span> <span class='ocrx_word' id='word_1_229' title='bbox 1303 1506 1532 1537; x_wconf 84' lang='lat' dir='ltr'>dissertationis</span> 
     </span>
     <span class='ocr_line' id='line_1_27' title="bbox 261 1559 1275 1601; baseline -0.001 -10"><span class='ocrx_word' id='word_1_230' title='bbox 261 1571 350 1592; x_wconf 86' lang='lat' dir='ltr'>meae</span> <span class='ocrx_word' id='word_1_231' title='bbox 375 1561 478 1601; x_wconf 84' lang='lat' dir='ltr'>capite</span> <span class='ocrx_word' id='word_1_232' title='bbox 502 1560 667 1591; x_wconf 82' lang='lat' dir='ltr'>Eustathio</span> <span class='ocrx_word' id='word_1_233' title='bbox 693 1560 771 1591; x_wconf 90' lang='lat' dir='ltr'>duce</span> <span class='ocrx_word' id='word_1_234' title='bbox 796 1559 932 1590; x_wconf 82' lang='lat' dir='ltr'>Cratetis</span> <span class='ocrx_word' id='word_1_235' title='bbox 957 1559 1098 1599; x_wconf 83' lang='lat' dir='ltr'>vestigiis</span> <span class='ocrx_word' id='word_1_236' title='bbox 1123 1559 1275 1590; x_wconf 84' lang='lat' dir='ltr'>insistam.</span> 
     </span>
    </p>
   </div>
   <div class='ocr_carea' id='block_1_4' title="bbox 260 1646 1531 1946">
    <p class='ocr_par' dir='ltr' id='par_1_4' title="bbox 260 1646 1531 1946">
     <span class='ocr_line' id='line_1_28' title="bbox 353 1646 1531 1682; baseline -0.003 -8"><span class='ocrx_word' id='word_1_237' title='bbox 353 1650 373 1682; x_wconf 79' lang='lat'>¹)</span> <span class='ocrx_word' id='word_1_238' title='bbox 393 1649 526 1674; x_wconf 83' lang='lat' dir='ltr'>Absoluto</span> <span class='ocrx_word' id='word_1_239' title='bbox 547 1655 627 1681; x_wconf 81' lang='lat' dir='ltr'>opere</span> <span class='ocrx_word' id='word_1_240' title='bbox 647 1648 723 1674; x_wconf 84' lang='lat' dir='ltr'>video</span> <span class='ocrx_word' id='word_1_241' title='bbox 739 1647 884 1673; x_wconf 84' lang='lat' dir='ltr'>Dielesium</span> <span class='ocrx_word' id='word_1_242' title='bbox 904 1647 957 1672; x_wconf 86' lang='lat' dir='ltr'>iam</span> <span class='ocrx_word' id='word_1_243' title='bbox 977 1646 1003 1672; x_wconf 92' lang='lat' dir='ltr'>in</span> <span class='ocrx_word' id='word_1_244' title='bbox 1023 1646 1092 1673; x_wconf 77' lang='lat' dir='ltr'>actis</span> <span class='ocrx_word' id='word_1_245' title='bbox 1107 1647 1153 1672; x_wconf 86' lang='lat' dir='ltr'>Ac.</span> <span class='ocrx_word' id='word_1_246' title='bbox 1169 1647 1256 1673; x_wconf 89' lang='lat' dir='ltr'>Berol.</span> <span class='ocrx_word' id='word_1_247' title='bbox 1277 1646 1339 1672; x_wconf 84' lang='lat' dir='ltr'>anni</span> <span class='ocrx_word' id='word_1_248' title='bbox 1356 1647 1419 1672; x_wconf 62' lang='lat'>1891</span> <span class='ocrx_word' id='word_1_249' title='bbox 1441 1655 1465 1679; x_wconf 86' lang='lat' dir='ltr'>p.</span> <span class='ocrx_word' id='word_1_250' title='bbox 1481 1646 1531 1672; x_wconf 71' lang='lat'>579</span> 
     </span>
     <span class='ocr_line' id='line_1_29' title="bbox 261 1690 1530 1724; baseline -0.002 -6"><span class='ocrx_word' id='word_1_251' title='bbox 261 1694 321 1719; x_wconf 84' lang='lat' dir='ltr'>adn.</span> <span class='ocrx_word' id='word_1_252' title='bbox 348 1694 360 1718; x_wconf 86' lang='grc'><strong>1</strong></span> <span class='ocrx_word' id='word_1_253' title='bbox 392 1694 457 1719; x_wconf 85' lang='lat' dir='ltr'>haec</span> <span class='ocrx_word' id='word_1_254' title='bbox 486 1692 635 1724; x_wconf 81' lang='lat' dir='ltr'>scripsisse:</span> <span class='ocrx_word' id='word_1_255' title='bbox 668 1691 815 1717; x_wconf 83' lang='lat' dir='ltr'>Viclleicht</span> <span class='ocrx_word' id='word_1_256' title='bbox 843 1691 879 1717; x_wconf 82' lang='lat' dir='ltr'>ist</span> <span class='ocrx_word' id='word_1_257' title='bbox 909 1692 1008 1717; x_wconf 79' lang='lat' dir='ltr'>Krates</span> <span class='ocrx_word' id='word_1_258' title='bbox 1037 1691 1087 1717; x_wconf 86' lang='lat' dir='ltr'>den</span> <span class='ocrx_word' id='word_1_259' title='bbox 1116 1691 1239 1717; x_wconf 81' lang='lat' dir='ltr'>Scholien</span> <span class='ocrx_word' id='word_1_260' title='bbox 1267 1690 1419 1717; x_wconf 79' lang='lat' dir='ltr'>vermittclt</span> <span class='ocrx_word' id='word_1_261' title='bbox 1447 1690 1530 1716; x_wconf 84' lang='lat' dir='ltr'>durch</span> 
     </span>
     <span class='ocr_line' id='line_1_30' title="bbox 260 1734 1530 1769; baseline -0.002 -7"><span class='ocrx_word' id='word_1_262' title='bbox 260 1737 418 1769; x_wconf 83' lang='lat' dir='ltr'>Heracleon,</span> <span class='ocrx_word' id='word_1_263' title='bbox 445 1737 510 1762; x_wconf 79' lang='lat' dir='ltr'>iiber</span> <span class='ocrx_word' id='word_1_264' title='bbox 529 1737 579 1762; x_wconf 86' lang='lat' dir='ltr'>(len</span> <span class='ocrx_word' id='word_1_265' title='bbox 600 1736 642 1761; x_wconf 77' lang='lat' dir='ltr'>ich</span> <span class='ocrx_word' id='word_1_266' title='bbox 664 1736 782 1768; x_wconf 74' lang='lat' dir='ltr'>Doxogr.</span> <span class='ocrx_word' id='word_1_267' title='bbox 803 1735 868 1761; x_wconf 63' lang='lat' dir='ltr'>assff.</span> <span class='ocrx_word' id='word_1_268' title='bbox 890 1735 1039 1768; x_wconf 78' lang='lat' dir='ltr'>gehandelt</span> <span class='ocrx_word' id='word_1_269' title='bbox 1059 1735 1134 1761; x_wconf 83' lang='lat' dir='ltr'>habe.</span> <span class='ocrx_word' id='word_1_270' title='bbox 1173 1735 1199 1759; x_wconf 85' lang='lat' dir='ltr'>S.</span> <span class='ocrx_word' id='word_1_271' title='bbox 1220 1734 1362 1767; x_wconf 84' lang='lat' dir='ltr'>Schrader,</span> <span class='ocrx_word' id='word_1_272' title='bbox 1387 1734 1530 1767; x_wconf 84' lang='lat' dir='ltr'>Porphyrii</span> 
     </span>
     <span class='ocr_line' id='line_1_31' title="bbox 261 1777 1531 1813; baseline -0.003 -6"><span class='ocrx_word' id='word_1_273' title='bbox 261 1781 369 1813; x_wconf 80' lang='lat' dir='ltr'>Quaest.</span> <span class='ocrx_word' id='word_1_274' title='bbox 390 1781 489 1807; x_wconf 83' lang='lat' dir='ltr'>homer.</span> <span class='ocrx_word' id='word_1_275' title='bbox 511 1780 535 1806; x_wconf 80' lang='lat' dir='ltr'>S.</span> <span class='ocrx_word' id='word_1_276' title='bbox 550 1781 609 1807; x_wconf 60' lang='lat'>402.</span> <span class='ocrx_word' id='word_1_277' title='bbox 648 1780 680 1806; x_wconf 89' lang='lat' dir='ltr'>R.</span> <span class='ocrx_word' id='word_1_278' title='bbox 695 1780 800 1811; x_wconf 80' lang='lat' dir='ltr'>Weber,</span> <span class='ocrx_word' id='word_1_279' title='bbox 822 1779 911 1812; x_wconf 82' lang='lat' dir='ltr'>Leipz.</span> <span class='ocrx_word' id='word_1_280' title='bbox 932 1779 1008 1805; x_wconf 75' lang='lat' dir='ltr'>stud.</span> <span class='ocrx_word' id='word_1_281' title='bbox 1028 1778 1069 1804; x_wconf 86' lang='lat' dir='ltr'>XI</span> <span class='ocrx_word' id='word_1_282' title='bbox 1091 1779 1149 1805; x_wconf 78' lang='grc'><strong>144.</strong></span> <span class='ocrx_word' id='word_1_283' title='bbox 1187 1779 1229 1804; x_wconf 86' lang='lat' dir='ltr'>Da</span> <span class='ocrx_word' id='word_1_284' title='bbox 1257 1778 1306 1804; x_wconf 91' lang='lat' dir='ltr'>wir</span> <span class='ocrx_word' id='word_1_285' title='bbox 1333 1786 1388 1804; x_wconf 90' lang='lat' dir='ltr'>nun</span> <span class='ocrx_word' id='word_1_286' title='bbox 1416 1777 1461 1804; x_wconf 82' lang='lat' dir='ltr'>fiir</span> <span class='ocrx_word' id='word_1_287' title='bbox 1488 1778 1531 1803; x_wconf 86' lang='lat' dir='ltr'>die</span> 
     </span>
     <span class='ocr_line' id='line_1_32' title="bbox 260 1821 1531 1858; baseline -0.002 -8"><span class='ocrx_word' id='word_1_288' title='bbox 260 1825 493 1858; x_wconf 79' lang='lat' dir='ltr'>doxographische</span> <span class='ocrx_word' id='word_1_289' title='bbox 507 1825 652 1850; x_wconf 81' lang='lat' dir='ltr'>Erudition</span> <span class='ocrx_word' id='word_1_290' title='bbox 666 1824 768 1850; x_wconf 77' lang='lat' dir='ltr'>Krates</span> <span class='ocrx_word' id='word_1_291' title='bbox 788 1824 827 1850; x_wconf 80' lang='lat' dir='ltr'>als</span> <span class='ocrx_word' id='word_1_292' title='bbox 841 1823 969 1856; x_wconf 87' lang='lat' dir='ltr'>Urquelle</span> <span class='ocrx_word' id='word_1_293' title='bbox 989 1822 1077 1849; x_wconf 85' lang='lat' dir='ltr'>sicher</span> <span class='ocrx_word' id='word_1_294' title='bbox 1097 1822 1231 1849; x_wconf 81' lang='lat' dir='ltr'>ermittelt</span> <span class='ocrx_word' id='word_1_295' title='bbox 1251 1823 1345 1854; x_wconf 84' lang='lat' dir='ltr'>haben,</span> <span class='ocrx_word' id='word_1_296' title='bbox 1365 1830 1393 1847; x_wconf 91' lang='lat' dir='ltr'>so</span> <span class='ocrx_word' id='word_1_297' title='bbox 1412 1821 1531 1854; x_wconf 81' lang='lat' dir='ltr'>erledigt</span> 
     </span>
     <span class='ocr_line' id='line_1_33' title="bbox 261 1866 1531 1901; baseline -0.002 -7"><span class='ocrx_word' id='word_1_298' title='bbox 261 1869 317 1895; x_wconf 80' lang='lat' dir='ltr'>sich</span> <span class='ocrx_word' id='word_1_299' title='bbox 341 1869 389 1894; x_wconf 78' lang='lat' dir='ltr'>der</span> <span class='ocrx_word' id='word_1_300' title='bbox 408 1869 519 1894; x_wconf 83' lang='lat' dir='ltr'>Zweifel</span> <span class='ocrx_word' id='word_1_301' title='bbox 539 1869 670 1901; x_wconf 76' lang='lat' dir='ltr'>Gruppes,</span> <span class='ocrx_word' id='word_1_302' title='bbox 691 1869 737 1894; x_wconf 88' lang='lat' dir='ltr'>Gr.</span> <span class='ocrx_word' id='word_1_303' title='bbox 759 1868 842 1894; x_wconf 75' lang='lat' dir='ltr'>Kulte</span> <span class='ocrx_word' id='word_1_304' title='bbox 861 1875 886 1894; x_wconf 87' lang='lat' dir='ltr'>u.</span> <span class='ocrx_word' id='word_1_305' title='bbox 908 1867 1019 1900; x_wconf 80' lang='lat' dir='ltr'>Mythen</span> <span class='ocrx_word' id='word_1_306' title='bbox 1039 1867 1065 1893; x_wconf 88' lang='lat' dir='ltr'>S.</span> <span class='ocrx_word' id='word_1_307' title='bbox 1081 1867 1148 1893; x_wconf 78' lang='lat'>23⁴⁴.</span> <span class='ocrx_word' id='word_1_308' title='bbox 1188 1867 1240 1892; x_wconf 91' lang='lat' dir='ltr'>Die</span> <span class='ocrx_word' id='word_1_309' title='bbox 1260 1874 1345 1899; x_wconf 81' lang='lat' dir='ltr'>ganze</span> <span class='ocrx_word' id='word_1_310' title='bbox 1365 1866 1454 1899; x_wconf 83' lang='lat' dir='ltr'>Frage</span> <span class='ocrx_word' id='word_1_311' title='bbox 1473 1866 1531 1891; x_wconf 69' lang='lat' dir='ltr'>liisst</span> 
     </span>
     <span class='ocr_line' id='line_1_34' title="bbox 260 1911 1056 1946; baseline -0.004 -7"><span class='ocrx_word' id='word_1_312' title='bbox 260 1913 316 1939; x_wconf 77' lang='lat' dir='ltr'>sich</span> <span class='ocrx_word' id='word_1_313' title='bbox 333 1913 411 1945; x_wconf 74' lang='lat' dir='ltr'>jetzt,</span> <span class='ocrx_word' id='word_1_314' title='bbox 432 1913 482 1939; x_wconf 81' lang='lat' dir='ltr'>wic</span> <span class='ocrx_word' id='word_1_315' title='bbox 501 1913 543 1938; x_wconf 87' lang='lat' dir='ltr'>ich</span> <span class='ocrx_word' id='word_1_316' title='bbox 563 1913 669 1946; x_wconf 66' lang='lat' dir='ltr'>glaube,</span> <span class='ocrx_word' id='word_1_317' title='bbox 691 1912 878 1938; x_wconf 79' lang='lat' dir='ltr'>abschliessend</span> <span class='ocrx_word' id='word_1_318' title='bbox 899 1911 1056 1937; x_wconf 84' lang='lat' dir='ltr'>behandeln.</span> 
     </span>
    </p>
   </div>
   <div class='ocr_carea' id='block_1_5' title="bbox 1662 0 1697 2530">
    <p class='ocr_par' dir='ltr' id='par_1_5' title="bbox 1662 0 1697 2530">
     <span class='ocr_line' id='line_1_35' title="bbox 1662 0 1697 2530; baseline 0 0"><span class='ocrx_word' id='word_1_319' title='bbox 1662 0 1697 2530; x_wconf 95' lang='lat' dir='ltr'> </span> 
     </span>
    </p>
   </div>
  </div>
 </body>
</html>
