1697 2530
877 160 937 190 118

269 264 431 295 considero
457 267 487 294 et
511 266 617 294 cetera
641 263 818 302 fragmenta
841 263 1064 304 Apollodooea,
1096 265 1200 296 facere
1228 275 1290 297 non
1314 276 1440 307 possum
1464 266 1538 305 quin

268 317 420 348 coniciam
442 326 480 347 ea
503 326 538 347 re
561 315 758 356 potissimum
783 326 802 346 a
825 316 941 347 Stoicis
958 317 1185 358 Apollodorum
1211 317 1430 360 discrepuisse⁷
1455 318 1538 358 quod

267 369 308 400 ad
332 379 440 400 veram
465 369 591 400 deorum
616 368 825 408 cognitionem
858 366 921 399 non
952 378 1010 410 per
1042 369 1165 400 fabulas
1196 373 1306 410 patere
1339 371 1455 402 aditum
1480 382 1537 412 pn-

267 423 355 452 tabat
380 422 436 453 sed
460 432 516 461 per
540 421 698 452 nominum
724 421 1005 462 cognominumque
1029 422 1322 462 interpretationem
1345 424 1538 464 aliorumque

267 475 334 506 eius
359 475 483 515 generis
507 475 701 506 indiciorum.
748 484 899 514 nusquam
917 474 1029 506 saltem
1047 474 1275 516 interpretandi
1292 476 1331 506 ab
1348 476 1414 507 ulla
1429 476 1538 507 fabula

266 528 386 559 initium
412 528 506 569 capit.
553 526 648 567 quid?
695 527 747 566 qni
771 529 926 567 νεωτέρων
950 527 1078 558 inventa
1101 531 1188 558 tanto
1213 538 1308 569 opere
1333 528 1538 568 despiciebat,

266 591 338 611 num
363 581 389 611 is
413 582 539 621 poterat
563 580 687 610 omnino
710 589 855 620 magnam
875 584 1041 621 poetarum
1058 580 1173 611 fabulis
1190 581 1306 612 habere
1323 581 1437 612 fidem?
1462 591 1540 613 sane

267 643 328 673 qua
351 634 474 664 ratione
499 633 622 664 fabulas
647 633 863 674 explicaverit,
888 643 950 664 non
975 637 1037 664 tam
1064 637 1148 664 certo
1174 633 1338 674 explorare
1355 633 1429 665 licet
1445 644 1538 673 quam

267 697 328 726 qua
352 697 425 717 usus
449 687 490 717 sit
514 687 544 717 in
568 686 844 727 appellationibus.
892 686 947 718 sed
972 687 1106 717 fortasse
1135 697 1198 717 non
1222 697 1242 717 a
1265 697 1340 718 vero
1365 686 1539 725 aberrabis,

266 739 292 770 si
316 740 444 780 putabis
469 749 538 769 eum
562 748 663 778 aeque
688 749 724 769 ac
750 738 926 769 distinxerit
942 749 969 769 e.
987 749 1015 778 g.
1040 739 1072 769 in
1088 739 1211 770 Aurora
1229 739 1310 770 inter
1324 739 1427 780 ipsam
1445 739 1536 770 deam

266 790 307 829 (ὃς
332 790 441 822 οὐσίαν
464 791 569 822 ἔννουν
592 803 625 822 τε
650 792 702 821 καὶ
726 790 871 831 ὲζιιψυχον
895 791 948 821 καὶ
978 790 1155 831 ἑνσιύματον
1186 795 1217 823 et
1248 793 1347 823 lucem
1381 792 1466 823 cuius
1498 792 1538 822 sit

266 845 406 876 effectrix
431 846 501 884 dea,
526 845 637 876 eodem
661 845 754 875 modo
779 854 848 875 eum
873 844 1052 875 distinxisse
1078 845 1159 876 inter
1190 845 1231 884 id,
1265 845 1347 876 unde
1381 845 1538 876 deductae

266 901 371 929 essent
394 898 520 929 fabulae
554 900 592 937 (e.
617 908 646 937 g.
679 898 788 928 fabula
820 898 858 928 de
892 902 985 938 rapta
1017 907 1037 928 a
1060 898 1132 929 Dite
1157 898 1348 939 Proserpina
1377 908 1396 929 a
1420 898 1539 929 semine

265 951 332 981 solo
357 951 495 991 ingesto)
520 954 551 982 et
575 951 675 991 ipsam
700 950 839 981 fabulam
863 950 971 981 nativa
995 951 1130 990 quadam
1157 954 1188 982 et
1211 951 1318 982 vivida
1341 951 1437 982 animi
1454 951 1538 991 cogi-

265 1005 382 1035 tatione
408 1004 553 1043 effictam,
587 1014 688 1043 neque
713 1004 814 1043 magis
838 1003 961 1034 tabulas
986 1014 1041 1044 pro
1074 1004 1165 1034 nudis
1197 1004 1358 1043 allegoriis
1388 1003 1537 1034 habuisse

265 1067 360 1097 quam
385 1067 441 1098 pro
465 1057 556 1088 nudis
582 1057 659 1087 lucis
683 1066 720 1087 ac
749 1057 824 1087 solis
857 1057 1007 1097 symbolis
1031 1057 1185 1088 Auroram
1219 1060 1250 1088 et
1274 1056 1460 1098 Apollinem.
1506 1061 1538 1087 ct

265 1110 416 1141 habemus
441 1110 514 1141 Orci
539 1109 782 1150 descriptionem
807 1109 992 1150 Apollodori
1017 1120 1036 1141 a
1060 1109 1199 1141 Stobaeo
1224 1109 1382 1150 traditam,
1414 1109 1446 1140 in
1474 1120 1536 1149 qua

265 1163 407 1203 quamvis
438 1163 641 1203 allegoricam
675 1163 829 1194 rationem
863 1163 1013 1194 adhibere
1046 1173 1177 1203 pronum
1210 1163 1305 1194 fuerit
1336 1163 1387 1201 (cf.
1412 1162 1536 1193 Heracl.

265 1226 290 1248 c.
308 1217 372 1255 74),
390 1217 441 1247 vix
459 1216 554 1246 ullum
575 1219 678 1247 tamen
704 1215 769 1246 eius
786 1216 911 1253 generis
930 1216 1093 1255 vestigium
1112 1215 1381 1256 deprehendimus.
1411 1225 1486 1255 ergo
1509 1215 1535 1246 si

264 1269 295 1299 in
319 1269 495 1300 fabularum
520 1269 779 1309 interpretatione
803 1269 884 1299 inter
907 1269 1032 1299 Stoicos
1065 1272 1096 1299 et
1119 1268 1344 1309 Apollodorum
1377 1278 1438 1299 non
1470 1278 1534 1299 me-

265 1322 372 1353 diocre
396 1322 562 1353 discrimen
588 1322 803 1352 intercessisse
828 1324 959 1359 statues,
983 1321 1035 1352 vix
1060 1321 1180 1352 errabis
1205 1321 1256 1361 (cf.
1273 1322 1433 1352 Schwartz
1456 1321 1474 1352 l.
1491 1321 1534 1358 l.).

264 1375 329 1406 alia
352 1375 495 1415 quaestio
521 1378 568 1406 est
593 1375 631 1406 de
648 1374 856 1415 epithetorum
879 1385 898 1405 a
914 1374 993 1405 locis
1011 1374 1222 1405 derivatorum
1240 1374 1534 1414 interpretamentis.

264 1429 320 1459 sed
343 1439 382 1459 ne
407 1428 438 1459 in
462 1428 510 1459 his
535 1428 659 1466 quidem
685 1438 703 1458 a
720 1427 835 1458 Stoicis
860 1428 998 1467 pendere
1014 1427 1238 1467 Apollodorum
1263 1427 1339 1457 mihi
1362 1426 1435 1457 inde
1453 1436 1536 1457 com-

264 1482 424 1522 probatur,
451 1481 533 1521 quod
558 1481 713 1511 artissime
748 1481 824 1511 haec
847 1480 1024 1520 veriloquia
1056 1480 1227 1511 cohaerent
1259 1490 1328 1510 cum
1352 1479 1535 1520 Apollodori

264 1533 394 1575 propria
418 1534 515 1565 divini
539 1534 673 1564 numinis
697 1533 886 1564 definitione.
926 1533 969 1564 ita
994 1533 1074 1564 enim
1096 1533 1185 1564 deum
1204 1532 1353 1572 definivit,
1378 1536 1411 1563 ut
1426 1530 1534 1563 οὐσίαν

264 1587 383 1618 diceret
407 1586 510 1617 ἔννουν
533 1598 566 1617 Te
589 1586 642 1616 καὶ
666 1585 809 1626 ἔμψυχον
833 1586 884 1616 καὶ
906 1584 1086 1624 ἐνσώμαῐον
1107 1585 1163 1617 sed
1184 1585 1264 1616 adeo
1282 1595 1350 1617 cum
1368 1586 1536 1625 elemento„

264 1641 313 1671 cni
337 1643 509 1681 praeesset,
536 1639 765 1679 cohaerentem,
790 1643 823 1670 ut
840 1644 870 1670 et
887 1639 1016 1670 nomina
1032 1642 1063 1670 et
1084 1643 1190 1670 cetera
1206 1639 1311 1669 onmia
1327 1638 1412 1670 illinc
1430 1642 1536 1670 essent

263 1694 304 1724 ad
336 1703 406 1724 eum
438 1693 598 1724 translata.
646 1693 745 1723 noluit
776 1693 872 1732 igitur
904 1692 1046 1732 angustis
1078 1692 1276 1722 delubrorum
1310 1695 1340 1722 et
1370 1692 1534 1731 regionum

263 1746 375 1777 finibus
400 1746 558 1777 includere
584 1746 728 1785 ingentes
753 1746 828 1776 istos
853 1746 1066 1786 potentiarum
1090 1745 1279 1776 naturalium
1314 1748 1344 1775 et
1368 1745 1532 1776 effectuum

263 1803 420 1838 auctores,
444 1809 545 1838 neque
562 1799 654 1829 aliter
669 1808 705 1829 ac
730 1801 887 1838 νεωτέρων
910 1798 1087 1837 πλάσματα
1111 1808 1131 1828 a
1154 1797 1348 1838 primigeniis
1371 1797 1433 1827 illis
1456 1800 1534 1828 tam-

263 1862 355 1892 quam
392 1852 580 1891 imaginibus
616 1855 747 1882 naturae
778 1861 940 1882 removere
972 1854 1003 1882 et
1038 1851 1221 1890 abstergere
1254 1850 1380 1880 volebat
1410 1859 1532 1880 omnem

263 1905 355 1936 istam
380 1905 457 1936 locis
482 1908 512 1935 et
536 1904 716 1944 regionibus
742 1904 919 1935 distinctam
944 1904 1080 1935 cultuum
1104 1906 1136 1934 et
1159 1912 1319 1934 sacrorum
1338 1902 1532 1933 varietatem.

330 1957 421 1995 Quod
454 1958 479 1988 si
512 1958 556 1988 ita
580 1960 635 1996 est,
668 1961 802 1998 apparet
826 1967 930 1988 veram
956 1956 1139 1997 Apollodori
1162 1955 1329 1995 imaginem
1353 1965 1414 1986 non
1439 1965 1532 1996 posse

262 2010 444 2041 adumbrari
476 2021 514 2041 ex
548 2010 693 2049 Cornuto,
725 2010 776 2050 qui
805 2010 878 2041 licet
902 2010 942 2041 ad
966 2009 1096 2040 fontium
1120 2008 1355 2048 indagationem
1380 2008 1469 2039 testis
1493 2008 1532 2038 sit

262 2064 415 2104 perutilis,
440 2063 623 2103 Apollodori
647 2066 751 2093 tamen
777 2063 976 2103 disciplinam
1001 2061 1236 2100 doctrinamque
1260 2071 1322 2091 non
1347 2061 1533 2092 deformavit

262 2120 381 2147 tantum
420 2117 476 2147 sed
515 2116 627 2147 alienis
666 2126 789 2155 quoque
829 2115 1032 2147 intermiscuit
1078 2115 1226 2155 plurimis,
1285 2114 1429 2154 equidem
1474 2124 1532 2145 nec

263 2169 432 2210 Chrysippi
463 2170 598 2209 amplum
633 2169 709 2199 illud
742 2169 779 2199 dc
811 2169 930 2200 Gratiis
963 2169 1170 2208 fragmentum
1203 2178 1228 2199 c.
1254 2169 1292 2199 15
1323 2168 1372 2208 (cf.
1398 2167 1469 2199 Sen.
1494 2167 1532 2198 de
