1697 2530
746 593 784 624 ll.

214 669 242 699 A
266 667 434 708 Porphyrii
458 665 697 706 quaestionibus
714 664 890 695 Homericis
916 663 1030 704 prioris
1047 663 1161 704 eapitis
1179 662 1283 693 exorsi
1300 672 1406 693 snmus

126 721 443 762 argumentationem:
462 720 502 751 ab
520 719 618 750 isdem
636 719 749 749 iterum
767 718 829 748 iam
843 717 934 748 nobis
948 715 1207 758 proficiscendum
1227 715 1266 746 de
1282 715 1406 746 ratione

128 774 332 816 Apollodorei
357 773 462 815 operis
487 776 518 804 et
541 772 646 803 indole
665 771 870 811 inquisituris.
908 775 1002 810 atque
1024 780 1118 800 unam
1136 769 1261 809 quidem
1280 779 1317 800 ac
1334 779 1408 800 eon-

127 829 244 859 tinuam
277 827 420 859 effecisse
455 827 528 857 olim
563 825 808 866 disputationem
842 824 898 855 illa
931 824 990 854 duo
1020 823 1140 854 scholia
1163 823 1209 853 *Β
1234 822 1275 853 ad
1299 823 1405 853 3787

128 893 158 922 p.
176 883 229 919 42,
244 883 285 912 24
322 881 408 912 Selir.
443 883 474 911 et
504 880 546 910 *B
582 879 622 909 ad
657 883 680 909 e)
708 880 721 909 l
756 888 785 918 p.
808 879 960 915 11'2‚1ss.
998 876 1084 907 Schr.
1119 876 1289 916 adscripta,
1327 885 1408 915 qnae

129 934 322 976 Apollodoro
348 933 593 965 Hefermehlinm
618 932 797 962 vindicasse
822 941 918 971 supra
942 930 1126 969 memoravi,
1160 930 1262 970 ipsum
1295 929 1408 960 utrius-

127 999 186 1028 que
212 987 305 1019 docet
329 992 557 1027 argumentum,
584 996 644 1025 quo
670 988 895 1016 enumerantur
919 994 980 1025 res,
1005 993 1085 1023 quae
1110 983 1202 1014 modo
1225 993 1281 1013 suo
1298 981 1409 1013 habitu

127 1041 220 1072 modo
246 1041 353 1072 divina
377 1040 512 1080 quadam
538 1039 645 1080 speeie
670 1038 840 1070 induantur
863 1048 882 1067 a
906 1037 1024 1078 poeti83
1058 1047 1095 1068 ae
1127 1036 1250 1067 divinas
1283 1035 1408 1075 quidem

129 1096 245 1126 formas
261 1098 325 1125 tum
348 1094 462 1128 induci,
489 1103 559 1124 cum
577 1102 637 1123 non
655 1093 744 1133 ipsae
761 1102 811 1122 res
830 1090 1063 1130 intellegendae
1082 1090 1143 1121 sint
1160 1089 1216 1120 sed
1234 1091 1409 1130 potestates

127 1147 283 1188 quaedam
301 1148 347 1179 eis
365 1147 551 1178 coniunctae
569 1147 635 1177 sive
654 1156 770 1176 causae
789 1145 974 1184 effectrices,
990 1144 1102 1183 quibus
1120 1144 1251 1174 subesse
1265 1143 1410 1174 videatur

127 1207 285 1241 tamquam
320 1201 474 1231 animans.
510 1200 596 1230 euius
635 1199 825 1230 discriminis
860 1198 937 1228 haee
974 1208 993 1228 a
1023 1197 1201 1238 Porphyrio
1237 1196 1410 1227 afferuntur

127 1254 286 1295 exempla:
319 1253 468 1293 πλοῦτος,
498 1252 571 1293 ἔρις,
608 1250 704 1293 ὕβρις,
740 1251 827 1291 ἔρως,
857 1250 930 1292 ἔρις,
956 1250 1111 1289 πολέμοιο
1135 1252 1237 1289 τέρας,
1263 1248 1411 1288 κυδοιμὸς

125 1306 240 1349 μάχης,
266 1305 415 1348 ἀστραπῇ
448 1305 532 1343 Διός,
568 1305 666 1345 αἰγίςς
702 1302 776 1346 ἠώς,
811 1304 875 1342 νύξ,
912 1303 976 1345 ἥβη.
1007 1301 1202 1344 Ῐήιιφιτρίῑιῑ,
1237 1301 1326 1341 Στύξ,
1361 1301 1409 1343 γῆ,

129 1361 283 1399 ςτυταμηί.
331 1361 387 1391 sed
425 1360 619 1400 paucissima
654 1358 870 1389 tantummodo
903 1356 1114 1398 Porphyrium
1149 1355 1306 1386 delibasse
1340 1365 1411 1386 euni

129 1424 186 1454 per
209 1423 243 1445 se
268 1417 411 1454 apertum
433 1413 473 1444 sit
490 1417 553 1443 tum
572 1413 657 1443 hisee
684 1412 751 1442 eius
775 1411 881 1442 verbis
899 1410 1132 1442 demonstratur
1155 1410 1200 1450 (p.
1218 1409 1333 1449 43‚1j›:
1358 1408 1411 1438 καὶ

129 1466 187 1497 ὅσα
211 1465 250 1496 ἄν
273 1468 322 1503 τίς
345 1464 535 1508 ιῖριῧμιζσειε
560 1465 692 1507 ῥᾳδίως
723 1475 785 1505 qno
815 1464 930 1495 clarius
955 1474 1029 1495 vero
1063 1467 1158 1503 atque
1191 1462 1331 1502 apertius
1365 1465 1411 1493 est

130 1520 259 1551 tractari
284 1520 316 1550 in
340 1523 472 1559 utroque
497 1519 615 1550 scholio
641 1519 722 1549 idem
749 1519 843 1559 plane
869 1521 1095 1557 argumentum,
1121 1526 1158 1547 eo
1175 1516 1278 1556 magis
1295 1515 1336 1546 ab
1354 1515 1411 1546 hae

129 1577 214 1605 certe
254 1573 528 1613 argumentatione
568 1572 677 1613 procul
711 1572 884 1602 habeamus
921 1573 1054 1611 oportet,
1094 1580 1175 1609 quae
1215 1569 1254 1600 de
1290 1568 1412 1608 Aegide

130 1626 298 1658 Homerica
322 1630 407 1657 reete
432 1625 646 1666 intellegenda
664 1625 755 1656 alteri
773 1625 950 1664 fragmento
968 1628 999 1655 et
1016 1623 1157 1664 praefixa
1174 1625 1246 1654 sunt
1261 1622 1293 1653 in
1309 1623 1411 1653 fronte

131 1683 162 1711 et
185 1680 216 1711 in
240 1680 300 1711 tine
325 1680 458 1711 adnexa.
506 1689 693 1719 quamquam
719 1679 748 1709 in
774 1679 833 1709 hae
860 1687 987 1717 quoqne
1012 1683 1102 1718 parte
1124 1676 1218 1708 altius
1235 1686 1328 1716 qnam
1345 1685 1411 1707 rem

131 1733 232 1764 obiter
260 1733 440 1774 inspicienti
464 1732 631 1774 apparebit
662 1732 743 1763 inter
772 1741 804 1763 se
830 1731 1015 1762 commixtos
1040 1740 1109 1762 esse
1143 1729 1261 1760 diversi
1285 1728 1412 1769 generis

130 1787 247 1819 rivulos
258 1786 291 1828 ¹).
332 1797 409 1827 quos
433 1791 543 1818 notare
563 1786 700 1818 fortasse
717 1795 778 1816 non
795 1785 904 1816 inutile
922 1785 990 1823 erit,
1017 1794 1085 1815 cum
1103 1784 1134 1814 in
1151 1783 1332 1814 universum
1350 1792 1412 1822 qua

130 1841 161 1872 in
178 1840 403 1873 concinnandis
420 1840 540 1880 eelogis
556 1840 679 1871 ratione
697 1843 791 1879 atque
810 1844 878 1870 arte
896 1838 940 1869 uti
957 1838 1060 1869 soleat
1076 1836 1283 1878 Porphyrius,
1301 1846 1412 1877 parum

130 1894 233 1926 adhuc
267 1895 468 1926 observatum
501 1894 549 1925 sit.
583 1893 679 1924 schol.
711 1893 756 1923 *Β
782 1892 822 1923 ad
847 1896 874 1922 B
891 1893 954 1923 447
979 1891 1094 1932 Porph.
1122 1901 1151 1931 p.
1173 1891 1277 1930 41,21
1310 1889 1411 1920 Scin-‚2

131 1947 188 1989 τήν
211 1950 268 1979 τοῦ
294 1947 371 1985 Διὸς
394 1946 502 1988 αἰγίδα
528 1949 720 1988 σιχιιβέβηκεν
743 1943 936 1985 ὠνομάσθαι
961 1944 1014 1975 διὰ
1030 1945 1085 1987 τῆς
1101 1942 1229 1985 Ὁμήρου
1254 1941 1414 1984 ποιήσεως

131 1999 281 2038 ὡσαύτως
304 2004 342 2043 τῇ
366 2001 440 2042 περὶ
464 2001 538 2038 τοὺς
561 1999 697 2039 ἀνέλιιους
720 2000 870 2040 λεγομένῃ
887 1998 968 2029 κατά
985 1998 1042 2038 μὲν
1059 1995 1154 2028 αὐτὸν
1170 1996 1286 2027 ἐκεῖνον
1303 1994 1411 2036 αιγίὸι,

133 2052 210 2084 καθ’
241 2051 323 2096 ἡμᾶς
353 2054 386 2085 δὲ
418 2054 588 2094 καταιγίὸι,
620 2052 918 2094 παρασκευαστικὴν
949 2051 982 2082 δὲ
1013 2048 1111 2093 αὐτὴν
1142 2051 1205 2081 τῶν
1240 2047 1414 2089 ὁμωνύμων

131 2105 322 2148 εἰσάγεσθαι
338 2107 528 2147 πνευμάτων
544 2106 610 2149 [ὅτε
627 2105 829 2148 ε’]ῑισεισθείη
849 2105 930 2136 κατὰ
946 2104 983 2136 τὸ
1001 2103 1155 2136 ἐναντίον·
1172 2102 1414 2143 ἑπισεισθείσης

224 2204 243 2237 ¹)
263 2203 304 2230 Cf.
323 2203 430 2235 Romer,
450 2204 560 2231 Blatter
580 2204 625 2230 fiir
644 2204 692 2230 das
711 2202 996 2236 Gymn.-Schulwesen
1017 2202 1085 2227 1908
1104 2209 1130 2234 p.
1146 2201 1205 2227 466.
