<?xml version="1.0" encoding="UTF-8"?>
<!DOCTYPE html PUBLIC "-//W3C//DTD XHTML 1.0 Transitional//EN"
    "http://www.w3.org/TR/xhtml1/DTD/xhtml1-transitional.dtd">
<html xmlns="http://www.w3.org/1999/xhtml" xml:lang="en" lang="en">
 <head>
  <title>
</title>
<meta http-equiv="Content-Type" content="text/html;charset=utf-8" />
  <meta name='ocr-system' content='tesseract 3.04.00' />
  <meta name='ocr-capabilities' content='ocr_page ocr_carea ocr_par ocr_line ocrx_word'/>
</head>
<body>
  <div class='ocr_page' id='page_1' title='image "./degraecorumtheol00reinuoft_0064.png"; bbox 0 0 1697 2530; ppageno 0'>
   <div class='ocr_carea' id='block_1_1' title="bbox 901 174 941 203">
    <p class='ocr_par' dir='ltr' id='par_1_1' title="bbox 901 174 941 203">
     <span class='ocr_line' id='line_1_1' title="bbox 901 174 941 203; baseline 0 0"><span class='ocrx_word' id='word_1_1' title='bbox 901 174 941 203; x_wconf 79' lang='lat'>54</span> 
     </span>
    </p>
   </div>
   <div class='ocr_carea' id='block_1_2' title="bbox 870 217 1025 221">
    <p class='ocr_par' dir='ltr' id='par_1_2' title="bbox 870 217 1025 221">
     <span class='ocr_line' id='line_1_2' title="bbox 870 217 1025 221; baseline 0 0"><span class='ocrx_word' id='word_1_2' title='bbox 870 217 1025 221; x_wconf 95' lang='lat' dir='ltr'> </span> 
     </span>
    </p>
   </div>
   <div class='ocr_carea' id='block_1_3' title="bbox 941 276 1556 1107">
    <p class='ocr_par' dir='ltr' id='par_1_3' title="bbox 941 276 1556 1107">
     <span class='ocr_line' id='line_1_3' title="bbox 944 276 1554 321; baseline 0.007 -14"><span class='ocrx_word' id='word_1_3' title='bbox 944 278 1007 308; x_wconf 80' lang='grc' dir='ltr'><em>τῶν</em></span> <span class='ocrx_word' id='word_1_4' title='bbox 1030 276 1181 319; x_wconf 74' lang='grc' dir='ltr'><em>οὐρανίων</em></span> <span class='ocrx_word' id='word_1_5' title='bbox 1205 277 1221 321; x_wconf 77' lang='grc' dir='ltr'>ἡ</span> <span class='ocrx_word' id='word_1_6' title='bbox 1242 277 1405 321; x_wconf 64' lang='grc' dir='ltr'><em>Ἀφροδίτη</em></span> <span class='ocrx_word' id='word_1_7' title='bbox 1429 280 1494 310; x_wconf 86' lang='grc' dir='ltr'><em>κτλ.</em></span> <span class='ocrx_word' id='word_1_8' title='bbox 1514 295 1554 306; x_wconf 68' lang='lat' dir='ltr'><strong><em>z</em></strong></span> 
     </span>
     <span class='ocr_line' id='line_1_4' title="bbox 944 331 1554 373; baseline 0.005 -12"><span class='ocrx_word' id='word_1_9' title='bbox 944 331 1045 361; x_wconf 88' lang='lat' dir='ltr'>Iulian</span> <span class='ocrx_word' id='word_1_10' title='bbox 1077 341 1119 362; x_wconf 91' lang='lat' dir='ltr'>or.</span> <span class='ocrx_word' id='word_1_11' title='bbox 1153 332 1196 362; x_wconf 93' lang='lat' dir='ltr'>IV</span> <span class='ocrx_word' id='word_1_12' title='bbox 1226 343 1255 373; x_wconf 90' lang='lat' dir='ltr'>p.</span> <span class='ocrx_word' id='word_1_13' title='bbox 1283 334 1354 372; x_wconf 85' lang='lat'>150,</span> <span class='ocrx_word' id='word_1_14' title='bbox 1375 333 1399 363; x_wconf 94' lang='lat' dir='ltr'>B</span> <span class='ocrx_word' id='word_1_15' title='bbox 1425 333 1554 373; x_wconf 86' lang='lat' dir='ltr'>Spanh.]</span> 
     </span>
     <span class='ocr_line' id='line_1_5' title="bbox 944 382 1554 427; baseline 0.005 -14"><span class='ocrx_word' id='word_1_16' title='bbox 944 383 997 413; x_wconf 84' lang='grc' dir='ltr'>καὶ</span> <span class='ocrx_word' id='word_1_17' title='bbox 1032 382 1116 413; x_wconf 71' lang='grc' dir='ltr'><em>οὕτω</em></span> <span class='ocrx_word' id='word_1_18' title='bbox 1157 386 1214 423; x_wconf 78' lang='grc' dir='ltr'><em>μέν</em></span> <span class='ocrx_word' id='word_1_19' title='bbox 1248 396 1337 422; x_wconf 79' lang='grc' dir='ltr'><em>τινες.</em></span> <span class='ocrx_word' id='word_1_20' title='bbox 1385 384 1485 427; x_wconf 72' lang='grc' dir='ltr'><em>ἕτεροι</em></span> <span class='ocrx_word' id='word_1_21' title='bbox 1521 385 1554 415; x_wconf 75' lang='grc' dir='ltr'>δὲ</span> 
     </span>
     <span class='ocr_line' id='line_1_6' title="bbox 944 436 1556 478; baseline 0.005 -13"><span class='ocrx_word' id='word_1_22' title='bbox 944 436 1250 477; x_wconf 72' lang='grc' dir='ltr'><em>μαθηματικώτερον</em></span> <span class='ocrx_word' id='word_1_23' title='bbox 1292 436 1447 478; x_wconf 75' lang='grc' dir='ltr'>ἐπέβαλον</span> <span class='ocrx_word' id='word_1_24' title='bbox 1489 443 1556 475; x_wconf 69' lang='grc' dir='ltr'><em>τοῖς</em></span> 
     </span>
     <span class='ocr_line' id='line_1_7' title="bbox 944 486 1555 531; baseline 0.005 -13"><span class='ocrx_word' id='word_1_25' title='bbox 944 488 1099 530; x_wconf 69' lang='grc' dir='ltr'><em>ῥηθεῖσιν,</em></span> <span class='ocrx_word' id='word_1_26' title='bbox 1125 486 1167 525; x_wconf 73' lang='grc' dir='ltr'>ὥς</span> <span class='ocrx_word' id='word_1_27' title='bbox 1183 488 1236 519; x_wconf 81' lang='grc' dir='ltr'>καὶ</span> <span class='ocrx_word' id='word_1_28' title='bbox 1252 488 1270 531; x_wconf 78' lang='grc' dir='ltr'>ἡ</span> <span class='ocrx_word' id='word_1_29' title='bbox 1287 488 1412 531; x_wconf 74' lang='grc' dir='ltr'><em>Δημώ,</em></span> <span class='ocrx_word' id='word_1_30' title='bbox 1434 493 1555 529; x_wconf 66' lang='grc' dir='ltr'><em>σχέσεις</em></span> 
     </span>
     <span class='ocr_line' id='line_1_8' title="bbox 945 541 1555 582; baseline 0.003 -12"><span class='ocrx_word' id='word_1_31' title='bbox 945 541 1033 578; x_wconf 78' lang='grc' dir='ltr'><em>τινὰς</em></span> <span class='ocrx_word' id='word_1_32' title='bbox 1045 541 1290 582; x_wconf 79' lang='grc' dir='ltr'><em>φιλοσοφοῦντες</em></span> <span class='ocrx_word' id='word_1_33' title='bbox 1306 545 1368 573; x_wconf 80' lang='grc' dir='ltr'><em>τῶν</em></span> <span class='ocrx_word' id='word_1_34' title='bbox 1383 548 1449 580; x_wconf 84' lang='grc' dir='ltr'><em>τοῖς</em></span> <span class='ocrx_word' id='word_1_35' title='bbox 1466 544 1555 580; x_wconf 56' lang='grc' dir='ltr'><em>θεοῖ,-</em></span> 
     </span>
     <span class='ocr_line' id='line_1_9' title="bbox 945 590 1553 636; baseline 0.003 -12"><span class='ocrx_word' id='word_1_36' title='bbox 945 590 1121 633; x_wconf 77' lang='grc' dir='ltr'><em>ὃμωνύμων</em></span> <span class='ocrx_word' id='word_1_37' title='bbox 1145 591 1282 635; x_wconf 72' lang='grc' dir='ltr'><em>ἀστέρων</em></span> <span class='ocrx_word' id='word_1_38' title='bbox 1305 593 1408 636; x_wconf 56' lang='grc' dir='ltr'><em>’[-Ιρεός</em></span> <span class='ocrx_word' id='word_1_39' title='bbox 1437 607 1471 626; x_wconf 84' lang='grc' dir='ltr'>τε</span> <span class='ocrx_word' id='word_1_40' title='bbox 1502 597 1553 626; x_wconf 76' lang='grc' dir='ltr'>καὶ</span> 
     </span>
     <span class='ocr_line' id='line_1_10' title="bbox 942 644 1554 688; baseline 0.003 -12"><span class='ocrx_word' id='word_1_41' title='bbox 942 644 1131 688; x_wconf 70' lang='grc' dir='ltr'><em>Ἀφροδίτης</em></span> <span class='ocrx_word' id='word_1_42' title='bbox 1169 647 1222 677; x_wconf 81' lang='grc' dir='ltr'>καὶ</span> <span class='ocrx_word' id='word_1_43' title='bbox 1259 645 1384 678; x_wconf 81' lang='grc' dir='ltr'><em>Ἡλίου·</em></span> <span class='ocrx_word' id='word_1_44' title='bbox 1429 649 1460 679; x_wconf 82' lang='grc' dir='ltr'><em>οἳ</em></span> <span class='ocrx_word' id='word_1_45' title='bbox 1502 649 1554 678; x_wconf 85' lang='grc' dir='ltr'>καὶ</span> 
     </span>
     <span class='ocr_line' id='line_1_11' title="bbox 944 698 1556 742; baseline 0.003 -13"><span class='ocrx_word' id='word_1_46' title='bbox 944 698 1161 740; x_wconf 73' lang='grc' dir='ltr'><em>κλιμακτῆράς</em></span> <span class='ocrx_word' id='word_1_47' title='bbox 1221 711 1308 737; x_wconf 80' lang='grc' dir='ltr'><em>τινας</em></span> <span class='ocrx_word' id='word_1_48' title='bbox 1368 698 1401 739; x_wconf 77' lang='grc' dir='ltr'>ἐξ</span> <span class='ocrx_word' id='word_1_49' title='bbox 1452 699 1556 742; x_wconf 72' lang='grc' dir='ltr'><em>’Ἀρεος</em></span> 
     </span>
     <span class='ocr_line' id='line_1_12' title="bbox 944 750 1554 794; baseline 0.007 -13"><span class='ocrx_word' id='word_1_50' title='bbox 944 750 1159 791; x_wconf 70' lang='grc' dir='ltr'>ἐπικειμένους</span> <span class='ocrx_word' id='word_1_51' title='bbox 1205 750 1379 793; x_wconf 73' lang='grc' dir='ltr'><em>ἀπρακτεῖν</em></span> <span class='ocrx_word' id='word_1_52' title='bbox 1420 755 1451 793; x_wconf 90' lang='grc'>&lt;</span> <span class='ocrx_word' id='word_1_53' title='bbox 1470 779 1476 785; x_wconf 88' lang='grc'><em>.</em></span> <span class='ocrx_word' id='word_1_54' title='bbox 1495 753 1554 794; x_wconf 77' lang='lat'>.)¹)</span> 
     </span>
     <span class='ocr_line' id='line_1_13' title="bbox 944 803 1556 848; baseline 0.005 -14"><span class='ocrx_word' id='word_1_55' title='bbox 944 804 1137 840; x_wconf 77' lang='grc' dir='ltr'><em>πλανῶνται,</em></span> <span class='ocrx_word' id='word_1_56' title='bbox 1160 803 1344 847; x_wconf 65' lang='grc' dir='ltr'><em>Ἀφροδίτης</em></span> <span class='ocrx_word' id='word_1_57' title='bbox 1368 804 1556 848; x_wconf 67' lang='grc' dir='ltr'><em>ἅπαγοὺσης</em></span> 
     </span>
     <span class='ocr_line' id='line_1_14' title="bbox 945 855 1553 899; baseline 0.003 -12"><span class='ocrx_word' id='word_1_58' title='bbox 945 855 1067 894; x_wconf 72' lang='grc' dir='ltr'><em>αὐτούς,</em></span> <span class='ocrx_word' id='word_1_59' title='bbox 1100 856 1142 894; x_wconf 70' lang='grc' dir='ltr'>ὥς</span> <span class='ocrx_word' id='word_1_60' title='bbox 1174 856 1283 888; x_wconf 74' lang='grc' dir='ltr'><em>ἐκεῖνοι</em></span> <span class='ocrx_word' id='word_1_61' title='bbox 1319 858 1553 899; x_wconf 69' lang='grc' dir='ltr'><em>τερθρεὺονται,</em></span> 
     </span>
     <span class='ocr_line' id='line_1_15' title="bbox 945 909 1552 952; baseline 0.002 -12"><span class='ocrx_word' id='word_1_62' title='bbox 945 909 996 940; x_wconf 74' lang='grc' dir='ltr'>διά</span> <span class='ocrx_word' id='word_1_63' title='bbox 1030 910 1141 950; x_wconf 76' lang='grc' dir='ltr'><em>φιλίαν</em></span> <span class='ocrx_word' id='word_1_64' title='bbox 1171 910 1225 952; x_wconf 71' lang='grc' dir='ltr'><em>τὴν</em></span> <span class='ocrx_word' id='word_1_65' title='bbox 1257 910 1339 952; x_wconf 73' lang='grc' dir='ltr'><em>πρὸς</em></span> <span class='ocrx_word' id='word_1_66' title='bbox 1371 911 1425 941; x_wconf 78' lang='grc' dir='ltr'><em>τὸν</em></span> <span class='ocrx_word' id='word_1_67' title='bbox 1451 909 1552 952; x_wconf 56' lang='lat' dir='ltr'>”quu</span> 
     </span>
     <span class='ocr_line' id='line_1_16' title="bbox 945 960 1554 1004; baseline 0.005 -12"><span class='ocrx_word' id='word_1_68' title='bbox 945 961 1046 1001; x_wconf 76' lang='grc' dir='ltr'><em>[ἄλλοι</em></span> <span class='ocrx_word' id='word_1_69' title='bbox 1061 962 1092 993; x_wconf 80' lang='grc' dir='ltr'>ὄὲ</span> <span class='ocrx_word' id='word_1_70' title='bbox 1105 960 1320 1004; x_wconf 77' lang='grc' dir='ltr'><em>ἁπλούστερον</em></span> <span class='ocrx_word' id='word_1_71' title='bbox 1330 961 1554 1003; x_wconf 63' lang='grc' dir='ltr'><em>ἐπιβάλλοντες</em></span> 
     </span>
     <span class='ocr_line' id='line_1_17' title="bbox 941 1013 1554 1057; baseline 0.003 -12"><span class='ocrx_word' id='word_1_72' title='bbox 941 1013 1124 1057; x_wconf 68' lang='grc' dir='ltr'><em>Ἀφροδίτην</em></span> <span class='ocrx_word' id='word_1_73' title='bbox 1148 1019 1251 1046; x_wconf 84' lang='grc' dir='ltr'><em>νοοῦσι</em></span> <span class='ocrx_word' id='word_1_74' title='bbox 1281 1015 1339 1057; x_wconf 74' lang='grc' dir='ltr'><em>την</em></span> <span class='ocrx_word' id='word_1_75' title='bbox 1363 1015 1466 1057; x_wconf 78' lang='grc' dir='ltr'><em>Χάριν</em></span> <span class='ocrx_word' id='word_1_76' title='bbox 1489 1017 1554 1047; x_wconf 80' lang='grc' dir='ltr'><em>κτλ.</em></span> 
     </span>
     <span class='ocr_line' id='line_1_18' title="bbox 945 1069 1379 1107; baseline 0.002 -8"><span class='ocrx_word' id='word_1_77' title='bbox 945 1069 983 1100; x_wconf 72' lang='lat' dir='ltr'>ef.</span> <span class='ocrx_word' id='word_1_78' title='bbox 1009 1069 1105 1100; x_wconf 79' lang='lat' dir='ltr'>schol.</span> <span class='ocrx_word' id='word_1_79' title='bbox 1130 1072 1159 1098; x_wconf 90' lang='lat' dir='ltr'><em>E</em></span> <span class='ocrx_word' id='word_1_80' title='bbox 1181 1069 1222 1099; x_wconf 88' lang='lat' dir='ltr'>ad</span> <span class='ocrx_word' id='word_1_81' title='bbox 1247 1070 1271 1098; x_wconf 64' lang='grc' dir='ltr'><em>θ</em></span> <span class='ocrx_word' id='word_1_82' title='bbox 1296 1070 1379 1107; x_wconf 65' lang='lat'><strong>267‘1.</strong></span> 
     </span>
    </p>
   </div>
   <div class='ocr_carea' id='block_1_4' title="bbox 282 1138 1556 2131">
    <p class='ocr_par' dir='ltr' id='par_1_4' title="bbox 282 1138 1555 1655">
     <span class='ocr_line' id='line_1_19' title="bbox 371 1138 1554 1178; baseline 0 -9"><span class='ocrx_word' id='word_1_83' title='bbox 371 1138 488 1169; x_wconf 88' lang='lat' dir='ltr'>Horum</span> <span class='ocrx_word' id='word_1_84' title='bbox 514 1139 652 1170; x_wconf 74' lang='lat' dir='ltr'>locorum</span> <span class='ocrx_word' id='word_1_85' title='bbox 677 1142 766 1170; x_wconf 85' lang='lat' dir='ltr'>tanta</span> <span class='ocrx_word' id='word_1_86' title='bbox 798 1145 845 1169; x_wconf 83' lang='lat' dir='ltr'>est</span> <span class='ocrx_word' id='word_1_87' title='bbox 869 1138 1050 1177; x_wconf 84' lang='lat' dir='ltr'>similitudo,</span> <span class='ocrx_word' id='word_1_88' title='bbox 1081 1142 1114 1169; x_wconf 87' lang='lat' dir='ltr'>ut</span> <span class='ocrx_word' id='word_1_89' title='bbox 1138 1142 1301 1178; x_wconf 83' lang='lat' dir='ltr'>utrumque</span> <span class='ocrx_word' id='word_1_90' title='bbox 1326 1140 1366 1170; x_wconf 88' lang='lat' dir='ltr'>ab</span> <span class='ocrx_word' id='word_1_91' title='bbox 1391 1140 1554 1171; x_wconf 82' lang='lat' dir='ltr'>Eustatbio</span> 
     </span>
     <span class='ocr_line' id='line_1_20' title="bbox 283 1191 1554 1232; baseline 0.001 -10"><span class='ocrx_word' id='word_1_92' title='bbox 283 1191 420 1222; x_wconf 81' lang='lat' dir='ltr'>indidem</span> <span class='ocrx_word' id='word_1_93' title='bbox 446 1191 643 1232; x_wconf 87' lang='lat' dir='ltr'>desumptum</span> <span class='ocrx_word' id='word_1_94' title='bbox 668 1202 737 1223; x_wconf 85' lang='lat' dir='ltr'>esse</span> <span class='ocrx_word' id='word_1_95' title='bbox 767 1195 875 1232; x_wconf 84' lang='lat' dir='ltr'>pateat</span> <span class='ocrx_word' id='word_1_96' title='bbox 907 1201 1031 1232; x_wconf 81' lang='lat' dir='ltr'><strong>reapse.</strong></span> <span class='ocrx_word' id='word_1_97' title='bbox 1069 1191 1130 1222; x_wconf 83' lang='lat' dir='ltr'>iam</span> <span class='ocrx_word' id='word_1_98' title='bbox 1164 1202 1238 1222; x_wconf 91' lang='lat' dir='ltr'>vero</span> <span class='ocrx_word' id='word_1_99' title='bbox 1272 1192 1403 1223; x_wconf 85' lang='lat' dir='ltr'>alterum</span> <span class='ocrx_word' id='word_1_100' title='bbox 1429 1203 1445 1223; x_wconf 93' lang='lat' dir='ltr'>e</span> <span class='ocrx_word' id='word_1_101' title='bbox 1471 1203 1554 1224; x_wconf 81' lang='lat' dir='ltr'>eom-</span> 
     </span>
     <span class='ocr_line' id='line_1_21' title="bbox 283 1244 1554 1285; baseline 0.002 -11"><span class='ocrx_word' id='word_1_102' title='bbox 283 1245 437 1276; x_wconf 79' lang='lat' dir='ltr'>mentario</span> <span class='ocrx_word' id='word_1_103' title='bbox 469 1245 640 1285; x_wconf 78' lang='lat' dir='ltr'>allegorieo</span> <span class='ocrx_word' id='word_1_104' title='bbox 677 1244 802 1275; x_wconf 76' lang='lat' dir='ltr'>fluxisse</span> <span class='ocrx_word' id='word_1_105' title='bbox 834 1254 930 1285; x_wconf 83' lang='lat' dir='ltr'>supra</span> <span class='ocrx_word' id='word_1_106' title='bbox 953 1244 1044 1275; x_wconf 84' lang='lat' dir='ltr'>nobis</span> <span class='ocrx_word' id='word_1_107' title='bbox 1069 1245 1303 1284; x_wconf 77' lang='lat' dir='ltr'>comprobatum</span> <span class='ocrx_word' id='word_1_108' title='bbox 1331 1249 1386 1276; x_wconf 86' lang='lat' dir='ltr'>est.</span> <span class='ocrx_word' id='word_1_109' title='bbox 1422 1246 1504 1285; x_wconf 87' lang='lat' dir='ltr'>quod</span> <span class='ocrx_word' id='word_1_110' title='bbox 1529 1247 1554 1277; x_wconf 78' lang='lat' dir='ltr'>si</span> 
     </span>
     <span class='ocr_line' id='line_1_22' title="bbox 283 1297 1552 1338; baseline 0.001 -10"><span class='ocrx_word' id='word_1_111' title='bbox 283 1298 327 1328; x_wconf 84' lang='lat' dir='ltr'>ita</span> <span class='ocrx_word' id='word_1_112' title='bbox 351 1302 408 1335; x_wconf 85' lang='lat' dir='ltr'>est,</span> <span class='ocrx_word' id='word_1_113' title='bbox 433 1308 472 1329; x_wconf 90' lang='lat' dir='ltr'>ne</span> <span class='ocrx_word' id='word_1_114' title='bbox 498 1298 535 1329; x_wconf 90' lang='lat' dir='ltr'>de</span> <span class='ocrx_word' id='word_1_115' title='bbox 561 1298 691 1329; x_wconf 85' lang='lat' dir='ltr'>alterius</span> <span class='ocrx_word' id='word_1_116' title='bbox 716 1298 841 1337; x_wconf 87' lang='lat' dir='ltr'>quidem</span> <span class='ocrx_word' id='word_1_117' title='bbox 867 1298 950 1328; x_wconf 78' lang='lat' dir='ltr'>fonte</span> <span class='ocrx_word' id='word_1_118' title='bbox 972 1301 1077 1337; x_wconf 83' lang='lat' dir='ltr'>potest</span> <span class='ocrx_word' id='word_1_119' title='bbox 1101 1297 1248 1336; x_wconf 85' lang='lat' dir='ltr'>dubitari,</span> <span class='ocrx_word' id='word_1_120' title='bbox 1274 1308 1343 1329; x_wconf 81' lang='lat' dir='ltr'>eum</span> <span class='ocrx_word' id='word_1_121' title='bbox 1369 1299 1552 1338; x_wconf 81' lang='lat' dir='ltr'>praesertim</span> 
     </span>
     <span class='ocr_line' id='line_1_23' title="bbox 282 1350 1554 1391; baseline 0.001 -10"><span class='ocrx_word' id='word_1_122' title='bbox 282 1360 362 1389; x_wconf 88' lang='lat' dir='ltr'>eam,</span> <span class='ocrx_word' id='word_1_123' title='bbox 388 1361 468 1390; x_wconf 87' lang='lat' dir='ltr'>quae</span> <span class='ocrx_word' id='word_1_124' title='bbox 494 1355 541 1382; x_wconf 83' lang='lat' dir='ltr'>est</span> <span class='ocrx_word' id='word_1_125' title='bbox 565 1351 635 1382; x_wconf 83' lang='lat' dir='ltr'>huic</span> <span class='ocrx_word' id='word_1_126' title='bbox 661 1351 794 1390; x_wconf 86' lang='lat' dir='ltr'>adnexa,</span> <span class='ocrx_word' id='word_1_127' title='bbox 820 1351 1005 1390; x_wconf 82' lang='lat' dir='ltr'>allegoriam</span> <span class='ocrx_word' id='word_1_128' title='bbox 1031 1361 1049 1380; x_wconf 85' lang='lat' dir='ltr'>a</span> <span class='ocrx_word' id='word_1_129' title='bbox 1072 1351 1173 1381; x_wconf 89' lang='lat' dir='ltr'>Demo</span> <span class='ocrx_word' id='word_1_130' title='bbox 1198 1350 1326 1381; x_wconf 84' lang='lat' dir='ltr'>fluxisse</span> <span class='ocrx_word' id='word_1_131' title='bbox 1350 1350 1418 1391; x_wconf 83' lang='lat' dir='ltr'>ipse</span> <span class='ocrx_word' id='word_1_132' title='bbox 1442 1352 1554 1382; x_wconf 83' lang='lat' dir='ltr'>Eusta—</span> 
     </span>
     <span class='ocr_line' id='line_1_24' title="bbox 284 1403 1554 1444; baseline 0.001 -10"><span class='ocrx_word' id='word_1_133' title='bbox 284 1404 366 1434; x_wconf 81' lang='lat' dir='ltr'>thius</span> <span class='ocrx_word' id='word_1_134' title='bbox 396 1404 522 1435; x_wconf 80' lang='lat' dir='ltr'>indicet.</span> <span class='ocrx_word' id='word_1_135' title='bbox 569 1414 670 1443; x_wconf 87' lang='lat' dir='ltr'>neque</span> <span class='ocrx_word' id='word_1_136' title='bbox 705 1404 786 1435; x_wconf 90' lang='lat' dir='ltr'>enim</span> <span class='ocrx_word' id='word_1_137' title='bbox 820 1404 871 1443; x_wconf 86' lang='lat' dir='ltr'>qui</span> <span class='ocrx_word' id='word_1_138' title='bbox 896 1403 1093 1434; x_wconf 87' lang='lat' dir='ltr'>Eustathium</span> <span class='ocrx_word' id='word_1_139' title='bbox 1119 1403 1241 1434; x_wconf 88' lang='lat' dir='ltr'>noverit</span> <span class='ocrx_word' id='word_1_140' title='bbox 1265 1413 1304 1434; x_wconf 79' lang='lat' dir='ltr'>ex</span> <span class='ocrx_word' id='word_1_141' title='bbox 1328 1404 1432 1435; x_wconf 88' lang='lat' dir='ltr'>verbis</span> <span class='ocrx_word' id='word_1_142' title='bbox 1457 1403 1554 1444; x_wconf 66' lang='grc' dir='ltr'><em>ἕτεροι</em></span> 
     </span>
     <span class='ocr_line' id='line_1_25' title="bbox 282 1455 1554 1498; baseline 0.002 -12"><span class='ocrx_word' id='word_1_143' title='bbox 282 1456 315 1486; x_wconf 73' lang='grc' dir='ltr'>δὲ</span> <span class='ocrx_word' id='word_1_144' title='bbox 340 1480 348 1488; x_wconf 87' lang='grc'><strong>.</strong></span> <span class='ocrx_word' id='word_1_145' title='bbox 366 1481 373 1487; x_wconf 93' lang='grc'><em>.</em></span> <span class='ocrx_word' id='word_1_146' title='bbox 391 1480 398 1486; x_wconf 89' lang='grc'><strong>.</strong></span> <span class='ocrx_word' id='word_1_147' title='bbox 424 1455 465 1494; x_wconf 76' lang='grc' dir='ltr'>ὠς</span> <span class='ocrx_word' id='word_1_148' title='bbox 500 1457 553 1487; x_wconf 82' lang='grc' dir='ltr'>καὶ</span> <span class='ocrx_word' id='word_1_149' title='bbox 584 1455 602 1498; x_wconf 79' lang='grc' dir='ltr'>ἡ</span> <span class='ocrx_word' id='word_1_150' title='bbox 633 1455 744 1498; x_wconf 81' lang='grc' dir='ltr'><em>Δημώ</em></span> <span class='ocrx_word' id='word_1_151' title='bbox 777 1456 943 1488; x_wconf 74' lang='lat' dir='ltr'>concludet</span> <span class='ocrx_word' id='word_1_152' title='bbox 973 1466 1040 1487; x_wconf 85' lang='lat' dir='ltr'>eun]</span> <span class='ocrx_word' id='word_1_153' title='bbox 1076 1456 1155 1487; x_wconf 87' lang='lat' dir='ltr'>alios</span> <span class='ocrx_word' id='word_1_154' title='bbox 1185 1457 1278 1486; x_wconf 89' lang='lat' dir='ltr'>etiam</span> <span class='ocrx_word' id='word_1_155' title='bbox 1303 1460 1430 1496; x_wconf 87' lang='lat' dir='ltr'>praeter</span> <span class='ocrx_word' id='word_1_156' title='bbox 1455 1457 1554 1488; x_wconf 89' lang='lat' dir='ltr'>Demo</span> 
     </span>
     <span class='ocr_line' id='line_1_26' title="bbox 283 1509 1555 1550; baseline 0 -10"><span class='ocrx_word' id='word_1_157' title='bbox 283 1510 395 1541; x_wconf 74' lang='lat' dir='ltr'>fontes.</span> <span class='ocrx_word' id='word_1_158' title='bbox 416 1510 583 1549; x_wconf 73' lang='lat' dir='ltr'>delibasse,</span> <span class='ocrx_word' id='word_1_159' title='bbox 615 1510 671 1540; x_wconf 87' lang='lat' dir='ltr'>sed</span> <span class='ocrx_word' id='word_1_160' title='bbox 695 1510 796 1550; x_wconf 87' lang='lat' dir='ltr'>ipsam</span> <span class='ocrx_word' id='word_1_161' title='bbox 821 1510 922 1540; x_wconf 86' lang='lat' dir='ltr'>Demo</span> <span class='ocrx_word' id='word_1_162' title='bbox 955 1509 1158 1540; x_wconf 83' lang='lat' dir='ltr'>arbitrabitur</span> <span class='ocrx_word' id='word_1_163' title='bbox 1182 1512 1346 1548; x_wconf 85' lang='lat' dir='ltr'>utramque</span> <span class='ocrx_word' id='word_1_164' title='bbox 1371 1509 1555 1550; x_wconf 77' lang='lat' dir='ltr'>interpreta-</span> 
     </span>
     <span class='ocr_line' id='line_1_27' title="bbox 283 1562 1555 1603; baseline -0.001 -10"><span class='ocrx_word' id='word_1_165' title='bbox 283 1563 400 1593; x_wconf 79' lang='lat' dir='ltr'>tionem</span> <span class='ocrx_word' id='word_1_166' title='bbox 436 1563 614 1603; x_wconf 84' lang='lat' dir='ltr'>protulisse,</span> <span class='ocrx_word' id='word_1_167' title='bbox 651 1572 780 1601; x_wconf 86' lang='lat' dir='ltr'>quarum</span> <span class='ocrx_word' id='word_1_168' title='bbox 818 1573 887 1593; x_wconf 79' lang='lat' dir='ltr'>eum</span> <span class='ocrx_word' id='word_1_169' title='bbox 923 1562 1103 1592; x_wconf 83' lang='lat' dir='ltr'>Eustathius</span> <span class='ocrx_word' id='word_1_170' title='bbox 1139 1562 1185 1592; x_wconf 91' lang='lat' dir='ltr'>illi</span> <span class='ocrx_word' id='word_1_171' title='bbox 1221 1562 1419 1602; x_wconf 81' lang='lat' dir='ltr'>comprobari</span> <span class='ocrx_word' id='word_1_172' title='bbox 1454 1562 1555 1602; x_wconf 79' lang='lat' dir='ltr'>magis</span> 
     </span>
     <span class='ocr_line' id='line_1_28' title="bbox 285 1615 1415 1655; baseline -0.001 -9"><span class='ocrx_word' id='word_1_173' title='bbox 285 1615 416 1646; x_wconf 82' lang='lat' dir='ltr'>alteram</span> <span class='ocrx_word' id='word_1_174' title='bbox 441 1615 572 1655; x_wconf 89' lang='lat' dir='ltr'>videret,</span> <span class='ocrx_word' id='word_1_175' title='bbox 597 1616 677 1646; x_wconf 83' lang='lat' dir='ltr'>hane</span> <span class='ocrx_word' id='word_1_176' title='bbox 702 1615 917 1646; x_wconf 77' lang='lat' dir='ltr'>tantummodo</span> <span class='ocrx_word' id='word_1_177' title='bbox 942 1615 1080 1646; x_wconf 76' lang='lat' dir='ltr'>auctoris</span> <span class='ocrx_word' id='word_1_178' title='bbox 1104 1615 1228 1645; x_wconf 87' lang='lat' dir='ltr'>nomine</span> <span class='ocrx_word' id='word_1_179' title='bbox 1252 1615 1415 1645; x_wconf 86' lang='lat' dir='ltr'>notaverit.</span> 
     </span>
    </p>

    <p class='ocr_par' dir='ltr' id='par_1_5' title="bbox 284 1667 1556 2131">
     <span class='ocr_line' id='line_1_29' title="bbox 373 1667 1556 1708; baseline -0.001 -9"><span class='ocrx_word' id='word_1_180' title='bbox 373 1668 475 1707; x_wconf 83' lang='lat' dir='ltr'>Atque</span> <span class='ocrx_word' id='word_1_181' title='bbox 500 1669 577 1699; x_wconf 83' lang='lat' dir='ltr'>haec</span> <span class='ocrx_word' id='word_1_182' title='bbox 602 1668 726 1707; x_wconf 84' lang='lat' dir='ltr'>quidem</span> <span class='ocrx_word' id='word_1_183' title='bbox 759 1679 798 1699; x_wconf 83' lang='lat' dir='ltr'>ex</span> <span class='ocrx_word' id='word_1_184' title='bbox 829 1668 906 1708; x_wconf 88' lang='lat' dir='ltr'>ipsis</span> <span class='ocrx_word' id='word_1_185' title='bbox 931 1667 1147 1698; x_wconf 85' lang='lat' dir='ltr'>Eustathianis</span> <span class='ocrx_word' id='word_1_186' title='bbox 1178 1670 1249 1698; x_wconf 84' lang='lat' dir='ltr'>sunt</span> <span class='ocrx_word' id='word_1_187' title='bbox 1282 1677 1363 1706; x_wconf 85' lang='lat' dir='ltr'>quae</span> <span class='ocrx_word' id='word_1_188' title='bbox 1394 1667 1556 1698; x_wconf 80' lang='lat' dir='ltr'>afferenda</span> 
     </span>
     <span class='ocr_line' id='line_1_30' title="bbox 284 1720 1554 1760; baseline -0.001 -9"><span class='ocrx_word' id='word_1_189' title='bbox 284 1720 380 1751; x_wconf 89' lang='lat' dir='ltr'>habui</span> <span class='ocrx_word' id='word_1_190' title='bbox 405 1724 598 1760; x_wconf 81' lang='lat' dir='ltr'>argumenta.</span> <span class='ocrx_word' id='word_1_191' title='bbox 644 1721 706 1751; x_wconf 85' lang='lat' dir='ltr'>iam</span> <span class='ocrx_word' id='word_1_192' title='bbox 732 1730 805 1752; x_wconf 82' lang='lat' dir='ltr'>vero</span> <span class='ocrx_word' id='word_1_193' title='bbox 830 1721 861 1751; x_wconf 90' lang='lat' dir='ltr'>in</span> <span class='ocrx_word' id='word_1_194' title='bbox 885 1721 1028 1751; x_wconf 83' lang='lat' dir='ltr'>Tzetzem</span> <span class='ocrx_word' id='word_1_195' title='bbox 1059 1720 1287 1759; x_wconf 87' lang='lat' dir='ltr'>inquirendum,</span> <span class='ocrx_word' id='word_1_196' title='bbox 1318 1730 1391 1750; x_wconf 89' lang='lat' dir='ltr'>num</span> <span class='ocrx_word' id='word_1_197' title='bbox 1421 1721 1554 1751; x_wconf 76' lang='lat' dir='ltr'>fortasse</span> 
     </span>
     <span class='ocr_line' id='line_1_31' title="bbox 286 1772 1553 1813; baseline -0.001 -9"><span class='ocrx_word' id='word_1_198' title='bbox 286 1773 369 1813; x_wconf 88' lang='lat' dir='ltr'>apud</span> <span class='ocrx_word' id='word_1_199' title='bbox 393 1773 474 1804; x_wconf 80' lang='lat' dir='ltr'>hune</span> <span class='ocrx_word' id='word_1_200' title='bbox 499 1784 622 1813; x_wconf 88' lang='lat' dir='ltr'>quoque</span> <span class='ocrx_word' id='word_1_201' title='bbox 647 1783 681 1804; x_wconf 85' lang='lat' dir='ltr'>se</span> <span class='ocrx_word' id='word_1_202' title='bbox 706 1774 840 1804; x_wconf 80' lang='lat' dir='ltr'>offerant</span> <span class='ocrx_word' id='word_1_203' title='bbox 863 1773 948 1803; x_wconf 88' lang='lat' dir='ltr'>illius</span> <span class='ocrx_word' id='word_1_204' title='bbox 973 1773 1076 1813; x_wconf 90' lang='lat' dir='ltr'>operis</span> <span class='ocrx_word' id='word_1_205' title='bbox 1101 1772 1242 1812; x_wconf 83' lang='lat' dir='ltr'>vestigia.</span> <span class='ocrx_word' id='word_1_206' title='bbox 1279 1782 1356 1803; x_wconf 82' lang='lat' dir='ltr'>eave</span> <span class='ocrx_word' id='word_1_207' title='bbox 1373 1772 1454 1803; x_wconf 87' lang='lat' dir='ltr'>enim</span> <span class='ocrx_word' id='word_1_208' title='bbox 1472 1772 1553 1811; x_wconf 87' lang='lat' dir='ltr'>inde,</span> 
     </span>
     <span class='ocr_line' id='line_1_32' title="bbox 286 1825 1552 1866; baseline -0.001 -10"><span class='ocrx_word' id='word_1_209' title='bbox 286 1826 368 1865; x_wconf 86' lang='lat' dir='ltr'>quod</span> <span class='ocrx_word' id='word_1_210' title='bbox 400 1826 537 1866; x_wconf 84' lang='lat' dir='ltr'>maligne</span> <span class='ocrx_word' id='word_1_211' title='bbox 570 1827 624 1858; x_wconf 88' lang='lat' dir='ltr'>ille</span> <span class='ocrx_word' id='word_1_212' title='bbox 649 1830 680 1857; x_wconf 86' lang='lat' dir='ltr'>et</span> <span class='ocrx_word' id='word_1_213' title='bbox 704 1827 817 1857; x_wconf 80' lang='lat' dir='ltr'>acerbe</span> <span class='ocrx_word' id='word_1_214' title='bbox 842 1826 918 1856; x_wconf 89' lang='lat' dir='ltr'>illud</span> <span class='ocrx_word' id='word_1_215' title='bbox 943 1836 1022 1866; x_wconf 86' lang='lat' dir='ltr'>opus</span> <span class='ocrx_word' id='word_1_216' title='bbox 1046 1826 1172 1866; x_wconf 76' lang='lat' dir='ltr'>carpsit,</span> <span class='ocrx_word' id='word_1_217' title='bbox 1206 1835 1274 1856; x_wconf 88' lang='lat' dir='ltr'>eum</span> <span class='ocrx_word' id='word_1_218' title='bbox 1299 1825 1457 1866; x_wconf 85' lang='lat' dir='ltr'>respuisse</span> <span class='ocrx_word' id='word_1_219' title='bbox 1483 1835 1552 1856; x_wconf 85' lang='lat' dir='ltr'>con-</span> 
     </span>
     <span class='ocr_line' id='line_1_33' title="bbox 286 1878 1555 1920; baseline -0.001 -11"><span class='ocrx_word' id='word_1_220' title='bbox 286 1879 395 1910; x_wconf 84' lang='lat' dir='ltr'>cludas</span> <span class='ocrx_word' id='word_1_221' title='bbox 420 1879 524 1920; x_wconf 90' lang='lat' dir='ltr'>operis</span> <span class='ocrx_word' id='word_1_222' title='bbox 546 1879 715 1920; x_wconf 88' lang='lat' dir='ltr'>vituperati</span> <span class='ocrx_word' id='word_1_223' title='bbox 739 1889 837 1910; x_wconf 88' lang='lat' dir='ltr'>usum.</span> <span class='ocrx_word' id='word_1_224' title='bbox 876 1880 970 1910; x_wconf 88' lang='lat' dir='ltr'>immo</span> <span class='ocrx_word' id='word_1_225' title='bbox 987 1879 1013 1909; x_wconf 87' lang='lat' dir='ltr'>si</span> <span class='ocrx_word' id='word_1_226' title='bbox 1030 1879 1209 1919; x_wconf 85' lang='lat' dir='ltr'>respexeris</span> <span class='ocrx_word' id='word_1_227' title='bbox 1226 1878 1359 1909; x_wconf 89' lang='lat' dir='ltr'>eundem</span> <span class='ocrx_word' id='word_1_228' title='bbox 1376 1878 1407 1909; x_wconf 93' lang='lat' dir='ltr'>in</span> <span class='ocrx_word' id='word_1_229' title='bbox 1424 1878 1555 1909; x_wconf 90' lang='lat' dir='ltr'>Hesiodi</span> 
     </span>
     <span class='ocr_line' id='line_1_34' title="bbox 285 1931 1554 1973; baseline -0.002 -10"><span class='ocrx_word' id='word_1_230' title='bbox 285 1932 470 1972; x_wconf 84' lang='lat' dir='ltr'>Theogonia</span> <span class='ocrx_word' id='word_1_231' title='bbox 494 1932 696 1973; x_wconf 84' lang='lat' dir='ltr'>explananda</span> <span class='ocrx_word' id='word_1_232' title='bbox 721 1942 789 1963; x_wconf 86' lang='lat' dir='ltr'>eum</span> <span class='ocrx_word' id='word_1_233' title='bbox 814 1932 949 1963; x_wconf 83' lang='lat' dir='ltr'>maxime</span> <span class='ocrx_word' id='word_1_234' title='bbox 973 1931 1178 1971; x_wconf 80' lang='lat' dir='ltr'>vituperasse,</span> <span class='ocrx_word' id='word_1_235' title='bbox 1204 1941 1224 1961; x_wconf 89' lang='lat' dir='ltr'>a</span> <span class='ocrx_word' id='word_1_236' title='bbox 1247 1941 1307 1970; x_wconf 87' lang='lat' dir='ltr'>quo</span> <span class='ocrx_word' id='word_1_237' title='bbox 1332 1931 1400 1971; x_wconf 89' lang='lat' dir='ltr'>ipse</span> <span class='ocrx_word' id='word_1_238' title='bbox 1420 1931 1554 1962; x_wconf 79' lang='lat' dir='ltr'>maxime</span> 
     </span>
     <span class='ocr_line' id='line_1_35' title="bbox 285 1984 1553 2025; baseline 0 -10"><span class='ocrx_word' id='word_1_239' title='bbox 285 1995 456 2025; x_wconf 83' lang='lat' dir='ltr'>suspensus</span> <span class='ocrx_word' id='word_1_240' title='bbox 481 1988 557 2025; x_wconf 82' lang='lat' dir='ltr'>erat,</span> <span class='ocrx_word' id='word_1_241' title='bbox 582 1985 730 2016; x_wconf 79' lang='lat' dir='ltr'>Proelum</span> <span class='ocrx_word' id='word_1_242' title='bbox 748 1985 818 2016; x_wconf 81' lang='lat' dir='ltr'>dieo</span> <span class='ocrx_word' id='word_1_243' title='bbox 835 1985 887 2023; x_wconf 77' lang='lat' dir='ltr'>(of.</span> <span class='ocrx_word' id='word_1_244' title='bbox 905 1984 1114 2024; x_wconf 73' lang='lat' dir='ltr'>Dimitrijevio</span> <span class='ocrx_word' id='word_1_245' title='bbox 1131 1984 1242 2014; x_wconf 85' lang='lat' dir='ltr'>Studia</span> <span class='ocrx_word' id='word_1_246' title='bbox 1257 1984 1416 2014; x_wconf 87' lang='lat' dir='ltr'>Hesiodea</span> <span class='ocrx_word' id='word_1_247' title='bbox 1439 1994 1469 2024; x_wconf 87' lang='lat' dir='ltr'>p.</span> <span class='ocrx_word' id='word_1_248' title='bbox 1492 1985 1553 2021; x_wconf 68' lang='lat'>19»,</span> 
     </span>
     <span class='ocr_line' id='line_1_36' title="bbox 285 2036 1554 2078; baseline -0.002 -10"><span class='ocrx_word' id='word_1_249' title='bbox 285 2038 389 2078; x_wconf 86' lang='lat' dir='ltr'>possis</span> <span class='ocrx_word' id='word_1_250' title='bbox 413 2047 429 2068; x_wconf 91' lang='lat' dir='ltr'>e</span> <span class='ocrx_word' id='word_1_251' title='bbox 459 2038 617 2068; x_wconf 83' lang='lat' dir='ltr'>contrario</span> <span class='ocrx_word' id='word_1_252' title='bbox 654 2038 809 2078; x_wconf 76' lang='lat' dir='ltr'>suspicari</span> <span class='ocrx_word' id='word_1_253' title='bbox 844 2037 960 2068; x_wconf 78' lang='lat' dir='ltr'>ideireo</span> <span class='ocrx_word' id='word_1_254' title='bbox 993 2040 1156 2076; x_wconf 86' lang='lat' dir='ltr'>tantopere</span> <span class='ocrx_word' id='word_1_255' title='bbox 1188 2046 1208 2067; x_wconf 86' lang='lat' dir='ltr'>a</span> <span class='ocrx_word' id='word_1_256' title='bbox 1231 2037 1343 2067; x_wconf 81' lang='lat' dir='ltr'>Tzetze</span> <span class='ocrx_word' id='word_1_257' title='bbox 1368 2036 1467 2067; x_wconf 86' lang='lat' dir='ltr'>Demo</span> <span class='ocrx_word' id='word_1_258' title='bbox 1499 2036 1554 2066; x_wconf 89' lang='lat' dir='ltr'>im-</span> 
     </span>
     <span class='ocr_line' id='line_1_37' title="bbox 286 2089 1555 2131; baseline -0.001 -10"><span class='ocrx_word' id='word_1_259' title='bbox 286 2091 430 2131; x_wconf 82' lang='lat' dir='ltr'>pugnari,</span> <span class='ocrx_word' id='word_1_260' title='bbox 464 2091 538 2130; x_wconf 87' lang='lat' dir='ltr'>quia</span> <span class='ocrx_word' id='word_1_261' title='bbox 561 2094 629 2122; x_wconf 88' lang='lat' dir='ltr'>erat</span> <span class='ocrx_word' id='word_1_262' title='bbox 655 2091 683 2121; x_wconf 88' lang='lat' dir='ltr'>ei</span> <span class='ocrx_word' id='word_1_263' title='bbox 708 2090 797 2130; x_wconf 88' lang='lat' dir='ltr'>quasi</span> <span class='ocrx_word' id='word_1_264' title='bbox 823 2090 948 2121; x_wconf 85' lang='lat' dir='ltr'>aemula</span> <span class='ocrx_word' id='word_1_265' title='bbox 972 2100 1010 2121; x_wconf 85' lang='lat' dir='ltr'>ex</span> <span class='ocrx_word' id='word_1_266' title='bbox 1034 2090 1142 2121; x_wconf 77' lang='lat' dir='ltr'>favore</span> <span class='ocrx_word' id='word_1_267' title='bbox 1174 2090 1330 2121; x_wconf 88' lang='lat' dir='ltr'>hominum</span> <span class='ocrx_word' id='word_1_268' title='bbox 1355 2089 1555 2120; x_wconf 82' lang='lat' dir='ltr'>removenda.</span> 
     </span>
    </p>
   </div>
   <div class='ocr_carea' id='block_1_5' title="bbox 339 2150 495 2152">
    <p class='ocr_par' dir='ltr' id='par_1_6' title="bbox 339 2150 495 2152">
     <span class='ocr_line' id='line_1_38' title="bbox 339 2150 495 2152; baseline 0 0"><span class='ocrx_word' id='word_1_269' title='bbox 339 2150 495 2152; x_wconf 95' lang='lat' dir='ltr'> </span> 
     </span>
    </p>
   </div>
   <div class='ocr_carea' id='block_1_6' title="bbox 377 2186 696 2220">
    <p class='ocr_par' dir='ltr' id='par_1_7' title="bbox 377 2186 696 2220">
     <span class='ocr_line' id='line_1_39' title="bbox 377 2186 696 2220; baseline -0.003 -7"><span class='ocrx_word' id='word_1_270' title='bbox 377 2188 395 2220; x_wconf 84' lang='lat'>¹)</span> <span class='ocrx_word' id='word_1_271' title='bbox 416 2187 552 2213; x_wconf 78' lang='lat' dir='ltr'>Lacunam</span> <span class='ocrx_word' id='word_1_272' title='bbox 572 2186 696 2213; x_wconf 80' lang='lat' dir='ltr'>indicavi.</span> 
     </span>
    </p>
   </div>
   <div class='ocr_carea' id='block_1_7' title="bbox 1694 1209 1697 2029">
    <p class='ocr_par' dir='ltr' id='par_1_8' title="bbox 1694 1209 1697 2029">
     <span class='ocr_line' id='line_1_40' title="bbox 1694 1209 1697 2029; baseline 0 0"><span class='ocrx_word' id='word_1_273' title='bbox 1694 1209 1697 2029; x_wconf 95' lang='lat' dir='ltr'> </span> 
     </span>
    </p>
   </div>
  </div>
 </body>
</html>
