1697 2530
720 173 753 190 nt

104 270 225 301 ratione
251 278 339 306 unus⁷
365 272 514 307 quantum
541 267 648 298 seiam.
677 267 758 298 inter
782 266 910 297 Homeri
937 266 1125 306 interpretes
1151 271 1198 296 est
1223 266 1273 305 qui
1299 276 1381 296 con:-

105 322 209 364 parari
234 321 333 362 possit
357 320 419 359 ille,
446 331 537 360 quem
564 319 746 351 adhibuisse
772 319 907 351 vidimus
933 319 1137 350 Eustathium.

196 376 304 414 ltaque
322 373 360 405 de
378 374 498 405 Demus
515 374 639 413 quidem
658 384 754 414 opere
772 373 834 404 iam
852 373 929 404 satis
947 373 1082 404 arbitror
1107 376 1260 403 constare.
1301 372 1382 403 idem

105 439 183 470 opus
208 439 280 459 num
305 428 439 459 sortasse
471 428 566 458 etiam
599 427 712 463 ethica,
744 437 826 467 quac
859 427 973 466 dicunt⁷
1004 426 1287 466 interpretamenta
1311 436 1383 456 cou-

104 481 240 514 tinuerit,
265 491 321 521 pro
343 485 428 512 certo
453 480 578 520 quidem
604 491 704 520 neque
730 480 887 511 affirmare
912 490 1039 520 possum
1064 489 1121 510 nec
1146 489 1279 519 negarc;
1304 478 1384 509 veri-

105 534 207 565 simile
231 539 336 565 tamen
361 534 484 565 videtur
509 534 601 574 longe
627 534 789 575 physicam
807 534 961 564 rationem
984 533 1211 573 praevaluisse.
1253 532 1282 563 id
1300 531 1384 572 quod

106 598 173 620 cum
200 588 288 628 ipsae
314 587 478 619 declarare
503 588 608 628 operis
633 588 787 627 reliquiae
812 586 957 618 videntur
973 591 1036 617 tum
1054 586 1211 617 Eustathii
1229 585 1384 626 praelatio

107 652 136 682 p.
155 642 188 672 3:
214 643 241 671 οἱ
269 640 298 671 δὲ
325 638 539 682 (ἷκριρ’«ε’σϊεροι
565 638 671 681 (Uolero
698 640 752 677 τὰς
770 639 910 679 ἱστορίας
927 638 976 679 ἐφ’
994 638 1114 669 ἑαυτῶν
1130 641 1233 678 μένειν
1250 636 1383 679 ἀφῆκαν,

107 693 189 724 02³1«)
213 694 265 724 καὶ,
290 695 363 731 ‘roi-g
385 694 513 733 μύθους
535 694 574 724 τὰ
592 697 705 734 πρῶτα
720 694 778 733 μὲν
796 696 938 724 ῖίθειται
957 691 1057 729 olszwg
1074 691 1154 731 ἔχων
1171 690 1213 729 ὡς
1229 692 1384 732 λέγονται.

108 747 159 777 καὶ
185 746 431 778 ἐπισκέπτωνται
458 747 512 789 τὴν
537 746 656 778 πλάσιν
680 745 786 777 αι’·τών
810 747 861 776 καὶ
889 743 1084 788 1ιῖνὲιάιῖιῇ
1102 744 1319 786 πιθανότητα,
1345 744 1383 774 ὀί

110 795 144 842 ἧς
176 799 207 831 ἐν
237 800 358 839 ,ιη’-θοις
387 798 526 842 ἅλιξῦὸιιὶ
564 812 609 838 ιις
633 799 828 839 elumigus&
874 796 943 830 εἶτα
969 799 1020 830 διὰ
1048 799 1081 829 τὸ
1105 797 1137 829 ἐν
1161 796 1270 835 αι’-τοῖς
1293 797 1384 839 φύσει

111 853 224 893 ψευδὲς
247 852 380 895 ἀφέντες
403 853 439 885 τὸ
464 854 644 894 σιιιματικὸν
667 853 830 893 εἰκόιίσμα
855 850 1080 894 (ἕνατρὲχουσιν
1103 851 1148 889 εἰς
1172 852 1228 893 τήν
1244 850 1276 890 ἐξ
1294 849 1387 892 ἀλλη-

108 909 215 947 γορίας
240 909 419 947 θεραπείαν
443 909 498 938 τοῦ
520 906 641 946 μύθου,
670 905 690 948 ἦ
715 910 882 947 (psalmus
913 905 1171 945 ἐξξτάζονῑες.
1201 904 1247 942 ὡς
1278 903 1387 935 ἄλλοι

110 960 267 1001 δηλοῦσι
292 959 540 1001 πλειΐιῐιῖτερον,
565 959 584 1002 ἢ
608 960 688 991 κατὰ
716 956 811 1001 ἦθος·
837 960 1000 999 πολλαχοῦ
1022 959 1053 990 δὲ
1071 959 1123 989 καὶ
1141 958 1315 1000 ἱστορικιῦς.
1356 959 1387 989 in

112 1014 158 1044 his
183 1014 267 1053 quod
292 1014 390 1045 fusius
415 1014 567 1054 quosdam
593 1019 623 1045 et
640 1014 799 1054 copiosius
817 1014 862 1044 ait
879 1013 1061 1044 Eustathius
1078 1013 1241 1054 physicam
1259 1012 1389 1043 Homeri

110 1067 400 1107 interpretationem
419 1067 615 1107 tractavisse,
641 1068 699 1098 hoe
718 1067 757 1098 ad
775 1067 968 1098 Heraclitum
986 1066 1111 1106 quidem
1129 1066 1286 1107 pertinere
1304 1066 1388 1097 nullo

112 1124 204 1161 pacto
230 1124 342 1160 potest,
368 1121 517 1160 quoniam
543 1122 582 1152 ab
600 1121 767 1151 Eustathio
793 1120 918 1160 quidem
940 1120 1120 1151 Heraclitus
1144 1119 1204 1150 nisi
1228 1119 1389 1150 rarissimo

111 1183 172 1204 non
197 1173 377 1212 adhibetur;
404 1184 461 1205 nec
487 1178 655 1215 praeterea
671 1173 837 1214 physicum
856 1173 1026 1214 praecipue
1045 1173 1272 1213 interpretandi
1289 1182 1390 1213 genus

111 1226 207 1257 coluit
238 1236 340 1266 neque
368 1227 449 1258 liber
473 1227 539 1258 eius
564 1230 690 1268 poterat
715 1225 840 1263 πλατύς
864 1226 972 1257 vocari
997 1226 1037 1256 ab
1063 1225 1227 1257 Eustathio
1253 1226 1389 1257 omnium

111 1283 390 1311 commentatorum
428 1280 625 1311 effusissimo.
672 1280 779 1319 itaque
815 1290 877 1310 non
915 1279 1036 1319 dubito,
1074 1279 1148 1319 quin
1183 1279 1233 1310 hic
1267 1289 1390 1319 quoque

111 1332 289 1373 significare
307 1343 378 1364 eum
396 1333 512 1364 fontem
531 1333 713 1364 Eustathius
730 1334 873 1372 voluerit,
900 1343 991 1373 quem
1009 1336 1074 1364 toto
1097 1342 1193 1373 opere
1219 1333 1391 1373 praecipue

112 1388 196 1416 esset
218 1389 390 1418 secuturus.
431 1387 513 1426 quod
538 1387 565 1417 si
589 1387 633 1417 ita
658 1390 713 1426 est,
739 1390 912 1427 praecepta
936 1396 1059 1427 quoque
1084 1386 1145 1417 ista
1170 1386 1391 1417 solvendarum

112 1439 289 1469 fabularum
315 1438 390 1470 data
414 1441 454 1470 ab
472 1440 636 1471 Eustathio
661 1440 723 1471 iam
749 1440 780 1470 in
800 1440 919 1471 Demus
944 1440 1050 1481 operis
1075 1440 1271 1480 praefatione
1289 1439 1392 1471 locum

113 1491 263 1522 habuisse
288 1493 353 1523 veri
378 1497 425 1524 est
449 1493 650 1526 simillimum.

203 1545 250 1576 De
267 1548 394 1577 auctore
411 1556 485 1577 vero
502 1546 579 1577 illud
597 1546 721 1586 quidem
740 1546 816 1577 satis
834 1550 919 1577 certo
937 1546 1071 1577 arbitror
1087 1550 1242 1585 constare,
1266 1546 1393 1577 minime

115 1608 185 1629 eum
210 1598 242 1629 in
266 1599 336 1639 ipso
361 1609 457 1640 opere
482 1599 621 1631 locutum
647 1610 717 1631 esse
743 1609 760 1630 e
784 1609 920 1641 persona
936 1600 1051 1631 veteris
1069 1600 1221 1640 Sibyllae,
1246 1599 1301 1631 sed
1319 1608 1393 1630 auc-

114 1655 197 1683 tores
222 1661 346 1691 quoque
375 1662 642 1684 commemorasse
667 1653 791 1685 Stoicos
816 1654 979 1685 Platonem
1004 1653 1163 1694 physicos.
1211 1663 1286 1693 ergo
1311 1662 1394 1692 quae

115 1704 154 1736 de
171 1705 272 1736 Demo
290 1705 512 1745 antiquissima
529 1706 718 1747 philosopha
739 1707 916 1746 traduntur,
942 1716 980 1738 ea
1005 1717 1043 1738 ex
1067 1707 1121 1738 illo
1146 1707 1272 1747 quidem
1297 1715 1394 1747 opere

115 1757 243 1789 fluxisse
268 1764 438 1799 nequeunt,
462 1760 518 1791 sed
542 1760 644 1800 potuit
668 1769 744 1791 sane
770 1760 847 1799 fieri,
873 1763 906 1791 ut
929 1770 1043 1791 nomen
1066 1759 1152 1800 illud,
1179 1770 1248 1791 cum
1265 1760 1305 1790 ab
1323 1759 1395 1790 aliis

115 1812 254 1843 falsariis
278 1813 393 1844 soleret
417 1813 519 1852 subdi,
545 1813 639 1845 etiam
666 1814 706 1845 ad
731 1814 789 1845 hoc
815 1824 894 1854 opus
918 1814 1150 1845 transferretur.

204 1866 252 1896 De
284 1870 389 1897 aetate
414 1876 489 1897 vero
521 1870 711 1906 anteaquam
737 1868 949 1899 coniecturam
974 1867 1198 1908 periclitemur,
1232 1866 1396 1898 videamus

117 1923 247 1959 oportet,
272 1920 387 1960 quibus
412 1920 625 1952 fundamentis
650 1921 787 1952 universi
812 1921 917 1962 operis
942 1921 1087 1953 doctrina
1110 1923 1324 1962 superstructa
1347 1919 1396 1950 sit.

118 1982 154 2003 ac
187 1972 279 2004 facile
311 1972 436 2013 quidem
462 1977 510 2005 est
535 1974 576 2005 ad
600 1974 857 2015 perspiciendum
882 1974 981 2006 latere
1007 1975 1064 2006 sub
1089 1974 1255 2006 fusissimis
1279 1973 1397 2006 novicii

118 2025 255 2056 auctoris
287 2025 511 2058 additamentis
543 2030 633 2058 vetus
664 2027 822 2067 quoddam
857 2027 1080 2068 allegoriarum
1113 2037 1237 2068 corpus,
1272 2027 1302 2058 in
1335 2036 1395 2066 quo

119 2077 237 2109 similes
272 2079 424 2111 collectae
459 2080 576 2111 fuerint
611 2081 854 2122 explanationes
890 2085 984 2121 atque
1020 2080 1104 2122 apud
1134 2081 1329 2112 Heraclitum
1366 2083 1396 2111 et

119 2130 321 2163 Plutarchum
360 2137 574 2173 personatum.
633 2137 729 2173 atque
769 2135 919 2175 pleraque
959 2144 1021 2165 non
1056 2134 1233 2176 Byzantina
1272 2133 1395 2165 demum

120 2184 299 2224 excogitata
323 2194 392 2216 esse
417 2189 520 2218 aetate
546 2197 583 2218 eo
610 2187 745 2219 maxime
771 2188 1005 2228 comprobatur⁷
1035 2187 1118 2228 quod
1144 2198 1182 2219 ne
1208 2197 1246 2218 ea
1271 2186 1395 2226 quidem
