1697 2530
732 175 773 203 151.»

113 279 215 312 isdem
239 279 390 315 versibus
415 288 494 319 quos
519 279 629 310 Crates
654 278 841 310 adhibuerat
864 278 911 316 (ll.
933 278 1044 310 1'277.
1061 275 1189 309 Hesiod.
1207 276 1287 318 Opp.
1305 276 1392 316 267),

114 333 300 366 coniunctus
316 333 442 364 tertium
467 332 624 364 invenitur
640 332 670 363 in
688 332 841 364 Macrobii
858 331 1071 363 Saturnalium
1088 331 1168 362 libro
1184 330 1207 370 Ι,
1225 330 1276 368 23,
1292 330 1393 361 1—9:

116 387 202 426 „Nec
234 386 303 427 ipse
328 386 470 427 Iuppiter
499 396 556 418 rex
587 386 715 417 deorum
741 389 886 417 naturam
911 385 986 416 solis
1010 384 1135 416 videtur
1158 383 1312 416 excedere
1337 381 1393 414 sed

114 439 248 472 eundern
278 449 348 471 csse
379 440 484 471 Iovem
517 449 553 471 ao
579 440 677 470 solem
703 439 799 471 claris
823 438 952 470 docetur
976 438 1109 470 indiciis.
1156 447 1229 469 nam
1254 446 1324 468 cum
1349 436 1394 468 ait

115 492 278 524 Homerus.

275 563 353 600 Ζεὺς
377 562 436 603 γὰρ
460 561 492 600 ἐς
516 560 656 593 Ὠκεανὸν
678 563 745 601 μετ’
771 559 938 601 α’μύμοιάς
963 559 1150 602 Αἰθιοπῆας

276 616 391 656 χθιζὸς
415 615 470 658 ἔβη
492 615 574 656 μετὰ
597 616 701 653 δαῖτα,
728 615 802 646 θεοὶ
826 615 853 645 ὸ’
879 614 946 654 ἅμα
970 613 1090 651 πάντες
1112 612 1237 648 ἕποντο,

275 668 437 710 δωδεκάτῃ
461 669 496 700 δέ
519 680 569 699 τοι
593 664 692 705 αὖθις
715 666 874 699 ἐλεύσεται
903 666 1107 707 Οὔλυμπόνδε

203 749 287 781 Iovis
319 748 534 790 appellatione
566 749 665 779 solem
698 748 837 788 intellegi
863 747 1048 779 Cornificius
1080 746 1197 785 scribit,
1231 744 1281 777 cui
1310 744 1394 775 unda

115 802 235 834 Oceani
265 802 350 834 velut
385 801 486 843 dapes
522 802 686 833 ministrat.
733 801 806 832 ideo
842 801 935 839 enim,
972 801 1052 832 sicut
1088 804 1119 831 et
1143 798 1331 830 Posidonius
1363 801 1395 828 et

114 855 284 887 Cleanthes
308 855 370 897 (Fr.
388 856 449 886 501
465 855 512 894 A.)
525 854 546 894 ¹)
580 855 758 893 adfirmant,
791 854 867 886 solis
900 857 1022 886 meatus
1051 863 1071 884 a
1094 853 1190 894 plaga
1215 861 1297 892 quae
1322 854 1395 881 usta

115 908 229 940 dicitur
252 919 315 940 non
339 908 468 948 recedit,
495 909 568 948 quia
584 909 641 939 sub
659 908 730 949 ipsa
747 908 844 940 currit
861 908 1018 947 Oceanus,
1043 907 1096 947 qui
1113 911 1230 938 terram
1248 909 1279 936 et
1296 904 1395 935 ambit

115 966 147 994 et
163 961 350 1003 dividit‘2),
368 962 506 993 omnium
524 966 630 993 autem
649 961 892 1003 physicorum
910 961 989 1000 (scil.
1006 960 1180 992 Democriti
1197 959 1394 997 aliorumque

113 1019 255 1046 veterum
280 1015 550 1056 philosophorum)
569 1015 783 1046 adsertatione
801 1019 924 1046 constat
942 1014 1080 1046 calorem
1097 1023 1204 1044 umore
1221 1011 1332 1043 nutriri
1349 1037 1354 1042 .
1369 1036 1374 1040 .
1389 1036 1394 1042 ,

116 1068 204 1100 addit
222 1073 318 1110 poeta
334 1067 491 1109 δωδεκάτῃ
509 1068 543 1098 δέ
559 1079 608 1098 τοι
625 1063 733 1105 αὖθις,
759 1078 821 1099 non
839 1068 959 1099 dierum
977 1067 1033 1099 sed
1050 1067 1197 1098 horarum
1215 1064 1396 1105 significans

114 1132 286 1161 numerum,
311 1122 425 1161 quibus
449 1121 629 1153 referuntur
653 1121 692 1153 ad
718 1121 944 1162 hemisphaerii
968 1121 1141 1162 superioris
1163 1124 1314 1151 exortum.
1350 1117 1395 1148 in-

114 1175 274 1206 tellectum
306 1178 448 1206 nostrum
477 1175 509 1206 in
533 1174 666 1206 eandem
692 1175 880 1206 sententiam
906 1175 1022 1206 ducunt
1046 1174 1142 1205 etiam
1172 1172 1223 1215 [de
1248 1171 1394 1203 Timaeo:

114 1228 244 1260 seclusit
272 1228 499 1270 Eyssenhardt]
532 1228 675 1259 Platonis
710 1228 787 1260 haee
823 1228 922 1259 verba
957 1227 1110 1267 (sequitur
1133 1225 1271 1257 Phaedri
1306 1225 1395 1256 locus

114 1292 143 1322 p.
161 1283 224 1313 246
235 1282 280 1320 E).
328 1282 375 1313 his
407 1282 490 1313 enim
517 1282 621 1313 verbis
645 1291 795 1322 magnum
819 1282 851 1312 in
876 1281 964 1313 eaelo
990 1281 1101 1312 ducem
1125 1280 1225 1311 solem
1248 1278 1314 1310 vult
1338 1277 1394 1308 sub

115 1334 330 1375 appellatione
354 1335 439 1366 Iovis
464 1335 620 1375 intellegi,
646 1335 732 1366 alato
758 1345 849 1366 curru
866 1335 1068 1366 velocitatem
1086 1333 1199 1364 sideris
1215 1335 1396 1363 monstrans

116 1386 218 1428 etc.⁸).
255 1387 325 1419 hinc
344 1398 470 1428 quoque
488 1387 663 1419 ostenditur
680 1388 755 1428 quid
773 1388 811 1419 de
829 1388 896 1419 sole
913 1391 944 1418 et
962 1389 1035 1419 love
1053 1387 1093 1418 sit
1110 1385 1308 1417 sentiendum
1326 1394 1394 1416 cum

117 1441 194 1472 alibi
226 1440 348 1472 dicatur
379 1440 485 1471 πάντα
516 1439 590 1472 ἰδών
615 1441 692 1478 Διὸς
715 1439 890 1482 ὀφθαλμὸς
914 1441 967 1471 καὶ
992 1439 1099 1471 πάντα
1123 1439 1240 1481 νοήσας
1264 1442 1295 1470 et
1319 1437 1396 1469 alibi

116 1491 236 1531 Ἠέλιος
260 1493 295 1523 θ’
322 1492 358 1530 ὃς
388 1491 484 1525 πάντ)
517 1493 636 1536 ἐφορᾷς
666 1495 719 1525 καὶ
753 1492 847 1525 πάντ’
884 1492 1063 1531 ἐπακούεις.
1115 1493 1198 1524 unde
1230 1496 1395 1531 utrumque

120 1551 244 1578 constat
268 1557 331 1578 una
354 1550 511 1588 potestate
537 1548 758 1579 censendum.⁴‘
808 1558 871 1579 non
907 1547 1116 1588 improbabile
1152 1545 1276 1577 videtur
1300 1544 1395 1576 etiarn

117 1599 167 1632 hic
185 1600 321 1632 Cratetis
346 1602 476 1632 subesse
502 1601 678 1633 doctrinam
702 1606 914 1643 propagatam
938 1601 1061 1633 scilicet
1082 1610 1102 1631 a
1118 1599 1300 1637 Posidonio,
1326 1608 1396 1630 cum

117 1653 304 1694 praesertim
330 1654 430 1685 altero
454 1654 611 1695 planeque
628 1655 763 1695 gemello
780 1655 911 1686 Homeri
932 1655 970 1686 de
987 1654 1197 1694 Aethiopibus
1213 1653 1284 1684 loco
1302 1652 1359 1683 Od.
1376 1663 1397 1682 α

117 1717 143 1738 v.
162 1708 203 1738 23
228 1707 269 1738 ad
293 1707 483 1739 fulciendam
508 1718 597 1739 suam
622 1708 660 1740 de
678 1708 807 1740 Oceano
825 1708 1013 1739 sententiam
1030 1708 1132 1738 nisum
1150 1716 1220 1738 esse
1237 1706 1396 1737 Cratetem

209 1804 228 1837 ¹)
249 1804 390 1830 Cleanthis
409 1804 538 1837 placitum
559 1804 613 1831 iam
633 1806 729 1831 Crates
749 1808 1014 1831 commemoraverat.
1053 1804 1086 1830 cf.
1106 1803 1181 1829 Gem.
1201 1811 1227 1836 p.
1250 1802 1298 1829 172
1313 1802 1349 1828 M.

209 1849 229 1882 ²)
250 1848 309 1874 Hoc
327 1849 442 1875 maxime
456 1849 616 1876 Crateteum
637 1854 686 1876 est.
720 1849 753 1876 cf.
768 1850 886 1876 Macrob.
900 1857 994 1876 comm.
1013 1849 1041 1875 in
1056 1849 1143 1874 Somn.
1158 1847 1311 1880 Scip.1[.9‚
1324 1848 1336 1872 1
1348 1854 1395 1872 ss.:

117 1896 238 1919 ceterum
265 1893 342 1926 prior
365 1893 422 1919 eius
441 1894 564 1927 (Oceani)
584 1902 682 1920 corona
701 1902 749 1927 per
768 1902 863 1920 zonam
883 1898 975 1920 terrae
995 1894 1110 1920 calidam
1130 1896 1203 1919 meat
1223 1890 1398 1924 superiora

118 1940 286 1963 terrarum
307 1942 341 1963 et.
359 1937 526 1964 inferiora
545 1938 694 1971 cingens,
715 1938 811 1965 flexum
832 1939 897 1965 circi
917 1938 1123 1971 aequinoctialis
1142 1937 1260 1963 imitata.

210 1982 229 2012 ³)
248 1981 379 2008 Similiter
398 1982 552 2008 ‹leomedes
571 1983 599 2008 II
622 1984 643 2013 1,
664 1991 688 2015 p.
711 1984 769 2013 13⁸,
790 1983 849 2009 983.
871 1983 979 2016 Ziegler
1001 1986 1045 2015 (ex
1070 1981 1226 2008 Posidonio:
1251 1980 1286 2006 cf.
1315 1979 1398 2005 etiam

119 2024 228 2059 oming,
257 2026 435 2058 Quaestiones
460 2027 655 2053 Posidonianae
683 2035 715 2053 ex
745 2026 881 2053 Strabone
908 2027 1038 2053 collectae
1068 2026 1137 2052 Diss.
1157 2025 1284 2058 Gotting.
1308 2024 1397 2058 19⁴·s)2

118 2068 240 2102 ἐμφαίνει
253 2068 275 2093 δ’
289 2068 304 2095 ὁ
318 2071 437 2102 ποιητής,
456 2071 522 2095 ὅσον
536 2072 589 2096 ἐυτὶ
603 2072 635 2095 τὸ
649 2072 728 2102 τάχος
747 2072 792 2103 τῆς
811 2072 879 2095 κατὰ
898 2071 949 2096 τὸν
968 2070 1071 2102 κόσμον
1090 2073 1196 2104 πορείας
1214 2068 1258 2094 διὰ
1276 2067 1396 2093 τούτων’

120 2112 204 2137 ὅσσον
215 2111 237 2137 δ’
250 2113 376 2147 ἦεροειδὲς
388 2114 455 2149 ἀνὴρ
469 2114 526 2140 ἴδεν
539 2115 729 2149 ὀφθαλμοῖσιν
743 2116 837 2147 {flavos
851 2116 878 2140 ἐν
893 2117 995 2148 σκοπιῇ,
1010 2114 1102 2149 ὁρόων
1115 2115 1157 2140 ἐπὶ
1172 2116 1269 2139 οἴνοπα
1283 2113 1397 2142 πόντον,

119 2157 217 2181 τόσσον
245 2158 446 2192 ἐπιθριόσκυυσι
472 2159 548 2184 θεῶν
576 2159 684 2193 ὑψηχέες
712 2162 790 2185 ἵπποι
813 2161 858 2193 (Il.
880 2161 905 2185 E
922 2161 993 2195 ῙῙΟ).
1032 2160 1149 2187 fortasse
1177 2159 1205 2185 iu
1231 2158 1273 2184 his
1293 2164 1398 2191 quoque

121 2202 217 2228 Crates
236 2202 379 2230 delitescit.
