1697 2530
864 162 926 191 104

263 275 346 305 quae
369 266 470 302 fuerit,
496 275 557 296 non
582 265 708 295 dubium
732 265 808 295 mihi
833 268 935 296 estex
951 266 998 296 his
1013 266 1165 297 Macrobii
1188 266 1292 297 verbis
1317 266 1344 307 (Ι
1370 266 1419 306 17,
1435 265 1530 306 3ss.):

263 318 309 357 „si
336 318 417 349 enim
452 318 509 351 sol,
544 322 575 348 ut
606 318 765 349 veteribus
790 318 915 358 placuit,
947 318 1009 348 dux
1042 321 1073 349 et
1102 318 1282 350 moderator
1310 322 1358 350 est
1380 318 1530 349 luminum

262 371 453 410 reliquorum
479 374 509 401 et
533 370 620 401 solus
644 370 742 401 stellis
767 370 944 402 errantibus
972 374 1125 411 praestat,
1156 371 1292 411 ipsarum
1324 381 1398 402 vero
1422 371 1528 402 stella-

259 435 326 455 rum
354 433 462 455 cursus
496 424 637 455 ordinem
661 433 762 454 rerum
792 424 1005 462 humanarum,
1036 426 1070 454 ut
1094 424 1278 463 quibusdam
1309 423 1441 462 videtur,
1474 433 1531 464 pro

261 480 419 518 potestate
444 476 621 517 disponunt,
646 479 679 507 ut
703 476 825 507 Plotino
851 480 973 507 constat
997 477 1163 517 placuisse,
1189 476 1378 516 significant:
1402 487 1531 508 necesse

263 534 312 561 est
336 533 368 560 ut
392 530 500 568 solem,
527 530 579 569 qui
603 529 785 560 moderatur
808 532 915 560 nostra
938 530 1147 570 moderantes,
1177 529 1313 560 omnium
1342 539 1423 568 quae
1447 529 1532 560 circa

261 593 319 614 nos
344 586 494 623 geruntur
516 583 673 613 fateamur
697 587 866 613 auctorem.
913 585 944 613 et
960 582 1041 613 sicut
1057 582 1153 621 Maro,
1180 592 1248 613 cum
1274 582 1312 613 de
1336 592 1399 613 una
1414 582 1532 613 Iunone

261 636 380 667 diceret
405 638 476 675 ‘quo
498 635 625 666 numine
647 636 755 675 laeso',
774 635 908 666 ostendit
928 635 1020 666 unius
1041 635 1090 666 dei
1105 635 1233 667 effectus
1246 635 1351 666 varios
1363 645 1420 675 pro
1437 635 1533 666 variis

261 689 436 720 censendos
468 698 536 719 esse
573 689 759 726 numinibus,
795 688 840 719 ita
875 688 1018 719 diversae
1049 688 1180 719 virtutes
1215 688 1289 719 solis
1324 688 1450 719 nomina
1486 688 1533 718 dis

261 742 425 773 dederunt.
464 742 545 773 undc
572 741 603 771 ἓν
624 741 659 772 τὸ
679 744 744 771 πᾶν
761 742 938 782 sapientum
955 741 1113 782 principes
1130 741 1343 781 prodiderunt.
1387 740 1533 771 virtutem

262 795 358 834 igitur
371 795 446 825 solis
461 804 541 834 quae
560 794 746 825 divinationi
765 795 979 834 curationique
997 797 1124 834 praeest
1137 794 1315 834 Apollinem
1332 797 1533 832 vocaverunt,

263 857 344 887 quae
369 848 521 878 sermonis
547 852 657 878 auctor
681 850 728 878 est
749 848 894 878 Mercurii
919 857 1032 879 nomon
1056 847 1190 888 accepit.
1237 857 1309 878 nam
1335 847 1408 886 quia
1431 856 1534 877 sermo

261 901 487 941 interpretatur
511 901 720 940 cogitationes
744 900 889 940 latentes,
912 899 1022 941 Ἑρμῆς
1045 897 1113 930 ἀπὸ
1136 902 1191 930 τοῦ
1211 898 1387 941 ἑρμηνεύειν
1406 899 1535 940 propria

262 954 478 994 appellatione
502 954 659 984 vocitatus
684 956 739 985 est.
787 954 884 984 virtus
915 953 990 984 solis
1023 957 1070 984 est
1095 963 1176 993 quae
1209 953 1370 991 fructibus,
1405 952 1534 984 effectus

263 1007 403 1038 eiusdem
429 1010 476 1037 est
501 1007 553 1045 qui
578 1007 721 1046 frugibus
746 1010 881 1047 praeest.
929 1010 959 1037 et
983 1006 1055 1037 hino
1079 1010 1173 1037 natac
1205 1010 1275 1036 sunt
1304 1005 1535 1046 appellationes

263 1060 392 1091 deorum
421 1059 547 1101 simull)
579 1064 752 1090 ceterorum
789 1060 840 1099 qui
876 1059 916 1090 ad
952 1060 1049 1090 solem
1082 1062 1168 1090 certa
1202 1062 1232 1090 et
1266 1068 1383 1089 arcana
1413 1058 1535 1089 ratione

263 1114 450 1152 referuntur,
477 1116 517 1153 et,
542 1123 581 1143 ne
606 1116 693 1143 tanto
719 1116 839 1143 secreto
857 1113 940 1143 nuda
957 1115 1134 1152 praestetur
1157 1112 1306 1149 adsertio,
1331 1111 1535 1142 auctoritates

263 1170 404 1197 veterum
423 1165 460 1197 de
479 1166 610 1205 singulis
628 1166 855 1196 consulamus.“
894 1165 1003 1205 quodsi
1021 1175 1094 1196 vere
1112 1165 1288 1205 Porphyrio
1307 1163 1534 1195 adscribendus

264 1223 312 1250 cst
335 1219 385 1250 hic
409 1219 507 1259 locus,
538 1219 677 1258 sequitur
701 1222 731 1249 et
756 1229 794 1249 ca
818 1228 899 1258 quae
923 1222 1093 1257 sequuntur
1117 1218 1295 1248 testimonia
1329 1217 1433 1248 omnia
1465 1226 1535 1247 esse

264 1272 493 1313 Porphyriana.
563 1275 656 1311 atque
696 1272 727 1302 in
766 1271 973 1312 Porphyrium
1013 1271 1130 1311 optimc
1170 1273 1200 1301 et
1240 1270 1404 1311 dispositio
1443 1269 1535 1300 huius

264 1325 545 1365 argumentationis
570 1325 711 1364 quadrat,
744 1335 805 1364 qua
830 1325 939 1355 eodem
971 1325 1036 1355 {ere
1067 1323 1159 1355 modo
1185 1326 1279 1362 atque
1303 1323 1334 1353 in
1358 1323 1438 1353 libro
1461 1322 1535 1362 περὶ

265 1376 456 1418 ἀγαλμάτων
492 1378 624 1418 primum
660 1378 698 1408 de
735 1377 926 1408 Graecorum
962 1381 1026 1407 tum
1062 1377 1100 1407 de
1136 1377 1341 1407 barbarorum
1377 1375 1536 1414 theologia

265 1432 379 1471 agitur,
412 1434 443 1461 et
474 1430 653 1471 explicandi
676 1431 758 1461 ratio
792 1430 883 1470 longe
918 1441 936 1460 a
960 1429 1123 1460 Ianiblichi
1147 1430 1340 1460 subobscura
1363 1428 1536 1459 subtilitate

265 1488 388 1515 remota
412 1488 443 1515 et
467 1484 496 1514 in
523 1484 691 1514 afferendis
723 1484 825 1523 magis
849 1487 987 1514 veterum
1021 1483 1208 1523 scriptorum
1232 1481 1418 1513 testimoniis
1443 1491 1536 1520 quam

266 1537 298 1567 in
333 1533 492 1577 mysteriis
527 1537 745 1577 philosophiae
782 1536 975 1567 illustrandis
1010 1536 1122 1576 posita.
1184 1535 1260 1574 quid
1298 1534 1421 1565 intersit
1456 1533 1538 1564 inter

265 1591 408 1630 magistri
433 1594 462 1621 et
487 1590 632 1630 discipuli
657 1590 686 1620 in
713 1589 908 1630 explicandis
932 1589 1047 1620 fabulis
1079 1589 1231 1619 rationem
1263 1588 1380 1628 optime
1405 1586 1537 1617 Carolus

267 1644 437 1674 Praechter
453 1643 680 1674 demonstravit
696 1643 727 1673 in
746 1642 950 1673 Genethliaco
966 1642 1102 1673 Roberto
1120 1641 1226 1672 oblato
1245 1641 1357 1681 (1910)
1374 1651 1403 1680 p.
1419 1641 1479 1671 105
1487 1649 1536 1677 ss„

267 1696 354 1727 cuius
372 1696 621 1727 dissertationem
639 1696 666 1727 si
683 1696 864 1736 perlegeris,
889 1694 1094 1726 lamblichum
1120 1697 1204 1725 certo
1221 1703 1281 1724 non
1299 1703 1368 1724 esse
1385 1692 1539 1723 Macrobii

267 1753 428 1780 auctorem
464 1749 556 1780 facile
593 1748 755 1780 concedes.
818 1758 893 1779 sane
933 1747 973 1778 ad
1009 1758 1099 1787 quem
1140 1747 1250 1777 librum
1289 1746 1539 1786 Porphyrianum

268 1803 434 1833 referenda
458 1802 499 1833 sit
523 1802 674 1833 Macrobii
707 1801 890 1842 disputatio,
923 1801 1044 1840 nescio3
1076 1800 1132 1831 sed
1164 1798 1331 1830 tenendum
1357 1802 1404 1829 est
1429 1798 1539 1838 (leper-

267 1856 364 1886 ditum
397 1855 479 1886 illius
511 1855 584 1896 περὶ
612 1857 710 1885 θείων
734 1852 896 1893 ὀνομάτων
931 1854 1043 1885 librum
1078 1852 1184 1883 indole
1209 1862 1246 1883 ac
1275 1851 1396 1882 ratione
1428 1850 1538 1891 procul

269 1908 364 1939 dubio
397 1918 459 1939 non
490 1908 535 1939 ita
567 1908 724 1939 diversum
756 1908 851 1938 tuisse
881 1907 920 1938 ab
946 1907 1084 1938 eiusdem
1116 1905 1190 1946 περὶ
1221 1902 1413 1945 ἀγαλμάτων
1449 1903 1538 1942 libro,

270 1971 330 2000 quo
355 1961 396 1992 ad
420 1961 547 2001 singula
571 1964 704 1991 naturae
729 1970 874 2001 corpora,
906 1959 990 1991 velut
1024 1958 1143 1990 caelum
1175 1954 1289 1988 terram
1321 1967 1408 1988 mare
1441 1956 1539 1987 solem

269 2014 385 2053 lunam,
420 2014 546 2054 singula
577 2013 705 2045 deorum
738 2014 830 2053 signa
864 2013 1049 2044 referuntur.
1096 2011 1141 2042 sic
1177 2011 1270 2042 etiam
1295 2009 1449 2041 Macrobii
1485 2008 1540 2040 illa

269 2067 376 2108 capita
407 2067 573 2107 desumpta
605 2076 673 2098 esse
706 2070 836 2107 possunt
865 2076 903 2097 ex
931 2065 1059 2096 maioris
1091 2064 1226 2094 ambitus
1252 2066 1397 2103 tractatu,
1423 2072 1484 2102 quo
1509 2062 1540 2092 in

362 2181 381 2213 ')
401 2179 480 2206 simul
500 2179 566 2206 coni.
587 2179 673 2205 Diels:
693 2179 763 2205 sicut
783 2178 852 2204 libri.
882 2178 930 2204 del.
951 2177 1144 2210 Eyssenhardt.
