1697 2530
909 165 949 195 32

293 269 393 309 magis
426 268 563 299 orationi
598 277 692 307 quam
727 268 773 298 rei
808 268 990 308 propositae
1025 269 1209 309 probandae
1244 269 1396 300 inservire
1432 270 1562 301 videtur.

293 321 375 352 unde
410 321 507 352 oritur
538 320 677 361 suspicio
703 321 871 359 genuinum
895 321 997 360 magis
1022 331 1092 352 esse
1117 322 1203 353 Sexti
1228 325 1259 353 et
1283 322 1376 354 Probi
1401 332 1563 354 commune

293 374 454 414 exemplar
478 383 570 412 quam
596 373 758 404 Plutarchi
782 376 813 404 et
837 373 995 404 Heracliti.

382 427 445 457 Sed
483 426 509 457 si
542 426 623 457 forte
655 426 731 456 haec
764 425 924 457 conclusio
956 427 1013 457 tibi
1045 427 1200 467 spinosior
1231 437 1299 458 esse
1335 428 1468 466 videtur,
1504 428 1563 460 hoc

293 479 403 510 saltem
434 478 587 510 concedes
612 478 764 509 Heracliti
797 482 826 509 et
858 479 1017 509 Plutarchi
1040 489 1121 519 pers.
1161 480 1277 510 fontem
1311 480 1407 519 illumy
1442 481 1479 512 de
1503 491 1563 520 quo

292 542 389 573 supra
414 531 487 571 dixi,
520 542 582 563 non
606 532 637 562 id
662 542 740 572 opus
766 542 845 570 esse,
879 531 909 562 in
944 541 1003 571 quo
1028 532 1122 563 liceat
1145 532 1314 563 subsistere
1340 533 1562 572 allegoriarum

292 585 516 625 indagantibus
541 585 689 624 origines.
726 585 782 615 sed
806 587 925 615 tantum
951 585 1051 623 abest,
1077 588 1110 615 ut
1126 585 1266 615 rationes
1282 585 1358 617 istas
1375 586 1563 626 allegoricas

293 638 491 678 excogitasse
523 638 668 669 videatur
697 638 765 678 ipse
790 638 895 678 operis
920 637 1001 668 illius
1026 641 1145 677 auctor⁷
1171 640 1204 668 ut
1227 641 1348 669 tantum
1372 649 1433 669 non
1459 639 1564 670 omnia

293 702 362 722 eum
387 702 426 722 ex
450 691 562 722 alienis
587 691 710 721 scriniis
742 691 877 721 furatum
904 700 973 721 esse
998 690 1143 730 equidem
1168 701 1224 731 pro
1250 694 1335 722 certo
1360 691 1502 722 habeam.
1528 702 1563 723 ac

292 744 461 775 Posidonio
486 744 610 783 quidem
643 754 712 774 eum
746 747 851 774 aetate
884 743 1061 774 inferiorem
1094 744 1190 775 fuisse
1223 754 1283 775 non
1316 744 1565 784 improbabiliter

292 797 435 828 videmur
459 806 555 837 supra
572 797 753 827 coniecisse.
790 806 807 827 a
825 796 952 827 Cratete
969 807 1052 835 vero,
1077 799 1109 827 ut
1132 797 1194 828 iam
1219 797 1268 827 hic
1293 796 1456 837 attingam,
1483 807 1563 837 quae

293 860 363 881 mox
388 850 564 880 accuratius
589 859 770 890 persequar⁷
803 852 834 880 et
857 849 1035 880 Heraclitus
1067 853 1098 880 et
1122 850 1306 881 Plutarchus
1335 860 1415 890 pers.
1441 860 1477 881 eo
1503 850 1564 880 dis-

293 906 433 943 crepant,
468 902 551 942 quod
576 912 630 932 eas
654 902 789 932 maxime
815 901 1072 942 philosophorum
1104 905 1207 932 sectas
1237 912 1304 932 cum
1330 902 1466 933 Homero
1492 912 1563 933 con-

293 957 404 994 ferunt,
430 965 511 995 quae
536 958 608 986 tunc
626 955 739 985 aetatis
757 955 892 985 maxime
909 954 1076 985 florebant:
1103 955 1225 986 Stoicos
1243 955 1322 994 dico,
1347 955 1562 993 Academicos7

292 1009 521 1049 Peripateticos
551 1008 600 1045 (cf.
629 1008 749 1038 Mebler
778 1008 797 1038 l.
824 1008 841 1038 l.
871 1018 899 1048 p.
926 1009 996 1048 3S);
1033 1008 1190 1039 Cratetem
1226 1012 1336 1039 contra
1363 1018 1431 1038 cum
1468 1008 1563 1039 fuisse

292 1062 477 1093 documento
509 1064 581 1092 sunt
610 1062 796 1101 fragmenta,
826 1071 887 1091 non
917 1061 969 1100 qui
998 1061 1072 1092 trita
1101 1061 1157 1092 illa
1185 1064 1215 1092 et
1243 1061 1397 1101 vulgaria,
1426 1060 1481 1091 sed
1510 1061 1563 1100 qui

292 1115 501 1146 remotissima
526 1117 557 1145 ct
580 1114 783 1145 vetustiorum
809 1117 928 1144 tantum
953 1114 1155 1155 physicorum
1181 1114 1299 1154 placita
1320 1113 1360 1144 ad
1378 1114 1564 1144 illustranda

292 1168 433 1199 carmina
456 1168 624 1198 Homerica
648 1168 783 1198 afferret.

381 1221 469 1257 Quae
505 1231 575 1251 cum
607 1220 649 1251 ita
681 1220 751 1259 sint,
789 1222 921 1260 apparet
952 1220 1037 1250 illum
1062 1219 1214 1250 Heracliti
1243 1222 1274 1250 et
1297 1219 1455 1250 Plutarchi
1482 1230 1561 1260 pers.

292 1274 408 1304 fontem
442 1283 498 1304 uec
524 1273 683 1304 Cratetem
713 1282 781 1303 esse
813 1283 905 1313 posse
931 1282 1031 1312 neque
1056 1272 1152 1303 alium
1177 1282 1374 1311 quemquam,
1407 1273 1446 1303 ad
1472 1283 1562 1312 quem

293 1337 415 1357 cursum
442 1332 581 1357 nostrum
607 1326 787 1365 dirigamus.
824 1336 860 1356 ac
886 1336 979 1365 quam
1003 1336 1066 1356 non
1090 1325 1219 1356 subsisti
1236 1325 1330 1356 liceat
1347 1326 1377 1356 in
1396 1326 1450 1356 illo
1467 1335 1562 1366 opere

292 1383 427 1421 apparet
458 1380 552 1411 etiam
586 1389 602 1410 e
636 1379 821 1419 Porphyrio.
858 1379 931 1409 licet
963 1378 1045 1409 enim
1076 1378 1250 1419 persimilia
1282 1378 1435 1417 quaedam
1470 1379 1564 1409 inter-

292 1437 490 1474 pretamenta
514 1433 629 1463 habeat
653 1432 848 1473 Porphyrius
873 1432 926 1471 cis,
952 1442 1032 1471 quae
1058 1432 1260 1471 cognovimus
1285 1441 1324 1462 ex
1348 1432 1508 1462 Heraclito
1533 1434 1564 1462 et

291 1486 458 1517 Plutarcho
484 1496 577 1527 pers„
604 1489 709 1516 tamen
732 1485 850 1516 idcirco
875 1494 1075 1524 nequaquam
1100 1484 1284 1515 iudicandus
1310 1487 1357 1515 est
1381 1485 1439 1515 hoc
1462 1485 1562 1524 ipsum

292 1533 582 1581 opus'usurpassffi
616 1539 698 1578 quod
730 1539 791 1569 illis
824 1539 1035 1569 substructum
1061 1538 1108 1577 sit,
1141 1547 1208 1568 cum
1241 1540 1362 1568 constet
1395 1537 1422 1568 ei
1447 1537 1488 1568 ad
1512 1547 1564 1567 ex-

292 1593 512 1632 quisitissimos
539 1592 699 1623 doctrinae
725 1592 826 1623 fontes
852 1591 967 1622 aditum
993 1591 1141 1632 patuisse.
1167 1591 1272 1629 itaque
1298 1590 1469 1621 cavendum
1494 1590 1562 1628 erit,

292 1657 330 1677 ne
370 1646 411 1676 ad
449 1646 507 1676 hoc
547 1645 797 1686 compilatorium
838 1655 917 1685 opus
957 1645 1139 1685 referamus,
1177 1653 1258 1682 quae
1294 1643 1428 1674 fortasse
1466 1643 1562 1673 multo

292 1699 470 1730 vetustioris
504 1699 564 1729 siut
596 1698 735 1738 originis.
768 1697 852 1737 quod
884 1707 960 1728 sane
993 1697 1087 1728 certis
1119 1696 1311 1736 argumentis
1348 1695 1562 1727 demonstrare

293 1763 353 1792 quo
379 1753 562 1792 plerumque
588 1752 745 1782 difficilius
763 1761 833 1782 esse
855 1753 951 1791 patet,
978 1760 1014 1781 eo
1033 1749 1211 1790 exoptatius
1228 1749 1352 1788 accidit,
1379 1748 1461 1788 quod
1485 1748 1562 1778 miro

292 1806 427 1845 quodam
459 1815 534 1835 casu
566 1805 639 1835 licet
672 1805 762 1835 unius
794 1804 906 1834 saltem
937 1803 1110 1842 allegoriae
1143 1812 1250 1832 verum
1285 1802 1401 1832 fontem
1427 1801 1561 1841 aperire.

292 1868 383 1897 quem
418 1858 458 1889 ad
492 1858 585 1888 finem
611 1857 854 1897 comparandum
880 1856 939 1887 erit
962 1855 1057 1886 schol.
1082 1859 1112 1885 ‚1
1136 1856 1240 1886 5354
1266 1864 1335 1885 cum
1360 1854 1562 1894 Hippocratis

292 1912 330 1941 (le
357 1921 429 1942 aere
455 1911 544 1950 aquis
569 1911 647 1941 locis
671 1910 750 1941 libro
776 1920 799 1941 c.
825 1911 860 1940 8:

360 1973 472 2013 Porph.
492 1976 522 2002 ,1
541 1974 591 2004 53.
611 1974 651 2003 54
677 1983 707 2012 p.
728 1973 787 2002 161
814 1971 899 2002 Schr.
1022 1969 1116 2010 Hipp.
1142 1970 1179 2000 de
1213 1978 1276 1999 aer.
1310 1978 1358 2008 aq.
1390 1968 1449 1999 loc.
1480 1978 1506 1999 c.
1533 1969 1562 2000 8.

292 2024 448 2066 ἐζήτηται,
475 2025 543 2061 πῶς
566 2023 719 2063 ἒνέόἑχειό
742 2023 822 2062 ἔχειν
844 2023 901 2060 τὰς
955 2021 1011 2064 τήν
1034 2034 1066 2052 τε
1098 2021 1156 2062 γάρ
1180 2019 1277 2063 ἀρχὴν
1300 2019 1316 2051 ὁ
1341 2020 1430 2062 ἥλιος
1455 2018 1562 2060 ἀνάγει

293 2078 424 2118 νεφέλας
445 2075 534 2116 αἷμα.
571 2076 679 2118 ῥητέον
703 2072 765 2112 οὖν,
791 2075 839 2107 ὅτι
864 2076 899 2106 Π)
956 2075 1007 2105 καὶ
1039 2073 1215 2115 ἀναρπάζει,
1246 2075 1301 2104 τοῖ’
1333 2072 1445 2110 ’ὕδατος
1469 2072 1505 2103 τό
1530 2084 1563 2103 Te

292 2130 349 2160 τοῦ
375 2128 486 2166 (ὕδατος
514 2129 709 2160 λεπιύῑαῑον
744 2129 796 2159 καὶ
832 2140 899 2159 κου·
955 2126 1150 2158 λεπτότατον
1166 2126 1218 2157 καὶ
1240 2125 1435 2167 κουφότατον
1449 2151 1455 2157 .
1471 2151 1476 2158 ,
1491 2151 1497 2157 .
1515 2124 1563 2155 ἔτι

292 2182 430 2223 {possesor
461 2181 611 2223 ιῗρπιίσαν
638 2182 674 2213 τὸ
699 2185 762 2221 πῦρ
786 2181 821 2211 τὸ
844 2181 901 2211 τοῦ
955 2180 988 2210 δὲ
1020 2180 1101 2220 πρὸς
1131 2179 1290 2210 τούτοισιν
1321 2177 1452 2209 ἐπειδᾶν
1477 2175 1562 2218 (ἄν)-
