1697 2530
883 179 924 208 40

269 283 343 322 quia
378 282 486 313 Thetis
520 286 550 313 et
574 282 752 322 Eurynome
784 291 931 322 vaporem
963 283 1084 314 aridum
1117 287 1147 315 et
1170 284 1329 315 humidum
1355 285 1539 325 significent,

269 335 322 375 qui
347 339 378 366 et
402 345 440 366 ex
465 335 544 366 mari
569 338 600 366 et
630 345 668 366 ex
698 337 784 366 terra
818 335 956 367 exhalati
988 340 1018 367 et
1051 337 1081 367 in
1114 337 1236 368 caelum
1261 337 1336 368 editi
1360 338 1540 369 fulminibus

268 388 433 419 materiam
457 388 701 419 subministrent.

360 441 427 471 Iam
453 443 486 471 ut
509 440 548 471 ad
574 440 654 471 alias
679 451 736 471 nos
761 441 950 482 rhapsodias
982 445 1208 482 convertamus,
1242 453 1358 483 magna
1389 454 1462 484 spes
1495 447 1543 475 est

268 493 387 533 aliquid
411 503 467 525 nos
492 494 668 525 lucraturos
693 503 763 525 esse
788 504 804 525 e
826 495 998 535 rhapsodia
1021 498 1133 534 quarta
1149 495 1281 534 decima,
1306 506 1397 536 quam
1416 497 1540 536 quidem

269 546 449 587 allegoricis
482 547 656 578 rationibus
690 547 860 588 praecipue
889 547 1034 578 idoneam
1066 547 1166 578 visam
1199 558 1269 579 esse
1301 552 1332 580 et
1354 549 1540 581 Plutarchus

268 603 456 641 personatus
482 603 520 639 (c.
546 601 600 636 96)
633 600 722 631 testis
752 603 798 631 est
823 604 852 631 et
876 601 1054 632 Heraclitus
1079 602 1116 641 (c.
1143 602 1205 641 39).
1252 611 1310 632 nec
1342 602 1540 633 frustrantur:

268 654 435 694 repetitam
460 653 570 684 miram
588 653 689 691 istam,
714 664 806 692 quam
824 654 886 684 iam
904 654 981 685 satis
998 654 1148 693 novimus,
1174 654 1347 685 doctrinam
1365 655 1540 686 invenimus

268 717 297 747 p.
319 707 392 745 978,
417 708 456 737 15
496 710 525 736 Ξ
551 708 623 746 201,
664 707 715 737 ubi
752 707 933 748 explanatio
969 707 1140 748 allegorica
1179 708 1364 748 proponitur
1410 708 1540 740 huiusce

268 759 367 790 modi:
393 759 471 790 sicut
495 763 624 800 propter
647 760 791 790 imbrium
816 760 1039 792 fecunditatem
1064 761 1172 791 fabula
1196 760 1233 791 de
1259 761 1377 792 Terrae
1397 764 1428 792 et
1452 761 1541 792 Caeli

268 812 466 843 matrimonio
492 815 562 843 orta
586 813 626 843 sit
649 813 734 853 apud
759 813 914 853 antiquos,
940 813 1013 844 item
1039 813 1120 844 sicut
1144 814 1280 845 aetheris
1301 817 1333 845 et
1348 815 1431 845 aeris
1449 815 1540 854 quasi

269 865 446 905 coniugium
471 875 541 896 esse
566 865 718 905 videatur,
751 866 860 897 eadem
894 866 1015 897 ratione
1041 866 1201 897 Oceanum
1234 870 1265 897 et
1288 867 1422 907 Tethyn,
1453 877 1540 898 mare

269 918 390 949 scilicet
414 921 444 949 et
468 921 594 958 terram,
627 921 786 958 tamquam
811 919 1010 950 matrimonio
1035 920 1120 950 credi
1144 920 1267 951 iunctos
1296 929 1380 958 esse,
1413 920 1540 951 eosdem

268 971 399 1002 infestos
423 975 529 1002 tamen
553 975 584 1002 et
609 971 769 1002 discordes
793 972 899 1003 induci
928 975 1057 1013 propter
1091 973 1232 1003 diversas
1264 973 1372 1003 horum
1406 973 1540 1004 elemen-

269 1027 370 1055 torum
395 1024 563 1064 qualitates
575 1024 609 1066 ¹).

359 1076 479 1114 Quodsi
510 1077 569 1108 hac
602 1087 725 1117 quoque
759 1077 790 1108 in
822 1077 993 1118 rhapsodia
1025 1079 1203 1109 enarranda
1235 1088 1362 1119 operam
1399 1079 1541 1119 posuisse

269 1133 548 1162 commentatorem
573 1130 658 1161 illum
684 1134 813 1170 constat,
838 1141 894 1171 per
918 1142 951 1162 se
977 1132 1101 1171 quidem
1126 1135 1370 1163 consentaneum
1395 1142 1471 1163 sanc
1493 1135 1541 1163 est

269 1194 332 1215 non
356 1184 439 1214 intra
463 1183 541 1215 duos
566 1186 684 1214 tantum
709 1194 818 1215 versus
842 1184 927 1214 illurn
953 1194 1022 1215 sese
1048 1185 1239 1216 continuisse
1265 1186 1308 1225 (Ξ
1328 1186 1449 1224 201s.),
1484 1185 1539 1216 sed

269 1240 302 1268 ut
326 1237 428 1277 prima
451 1237 482 1267 in
507 1237 679 1277 rhapsodia
703 1237 807 1277 plures
833 1237 925 1268 simul
950 1238 1073 1268 fabulas
1102 1238 1284 1278 complexus
1315 1241 1383 1269 erat
1416 1248 1477 1268 una
1511 1241 1541 1268 et

269 1293 423 1330 perpetua
455 1290 736 1330 argumentatione,
774 1290 819 1321 sic
856 1290 905 1321 hic
938 1300 1060 1330 quoque
1093 1294 1163 1331 post
1196 1291 1314 1322 Oceani
1347 1297 1377 1321 et
1401 1291 1540 1331 Tethyos

269 1343 455 1383 allegoriam
490 1344 731 1382 subsequentem
765 1343 877 1381 locum,
910 1354 972 1383 quo
1006 1343 1036 1374 in
1068 1345 1234 1375 Tartarum
1268 1345 1434 1375 Saturnum
1471 1353 1539 1374 cum

269 1396 435 1427 Titanibus
453 1396 681 1437 praecipitasse
699 1396 838 1437 Iuppiter
854 1400 1008 1435 narratur,
1026 1407 1087 1427 non
1105 1397 1331 1428 existimandus
1352 1400 1399 1428 est
1415 1397 1540 1427 silentio

268 1449 489 1481 transmisisse.
536 1452 566 1480 et
596 1449 744 1490 proponit
779 1449 869 1480 huius
906 1460 1030 1489 quoque
1061 1450 1190 1481 fabulae
1224 1450 1406 1481 Eustathius
1439 1450 1539 1481 fusam

269 1502 559 1543 interpretationem
584 1512 612 1542 p.
631 1503 705 1539 985,
720 1502 761 1532 34
787 1502 830 1542 (Ξ
851 1502 928 1541 279)
939 1501 971 1541 2),
1003 1502 1033 1533 in
1063 1512 1125 1541 qua
1153 1502 1286 1542 legimus
1312 1502 1442 1533 Titanes
1466 1502 1541 1533 alle-

269 1555 376 1595 gorice
399 1554 577 1595 significare
597 1552 775 1594 ὑπερβολάς
794 1553 1001 1596 ψυχρότητος,
1028 1565 1108 1594 quae
1125 1559 1198 1586 ante
1216 1555 1406 1587 creationem
1422 1555 1540 1593 mundi,

361 1661 380 1693 ¹)
401 1660 531 1686 Extrema
551 1663 657 1686 tantum
679 1659 789 1686 exhibeo
810 1660 846 1693 (in
867 1660 1049 1692 superioribus
1072 1660 1196 1686 nimirum
1216 1660 1320 1686 inserta
1338 1664 1401 1686 sunt
1414 1663 1542 1693 excerpta

268 1712 300 1731 ex
320 1704 458 1730 Herodoto
478 1704 491 1729 Ῑ
508 1704 553 1729 131
576 1708 603 1730 et
622 1712 655 1730 ex
674 1704 816 1730 Athenaeo
836 1703 906 1729 XIII
926 1712 949 1736 p.
969 1704 1085 1737 h'OOah).
1123 1704 1162 1728 ἔτι
1187 1703 1213 1728 δὲ
1233 1704 1300 1737 πρὸς
1318 1703 1430 1734 τούτοις,
1450 1704 1541 1737 ὥσπερ

270 1747 388 1783 Οὐρανὸς
412 1748 479 1772 κατὰ
504 1747 552 1779 τὴν
577 1746 682 1772 ἔνδοσιν
706 1748 754 1772 τοῦ
777 1751 892 1781 γονίμου
916 1749 947 1780 τῇ
970 1749 1007 1780 Γῇ
1032 1748 1233 1780 συιίιπτόμειός
1253 1748 1326 1779 ὅμως
1345 1748 1413 1772 κατὰ
1431 1747 1461 1773 τὸ
1482 1746 1539 1772 ἅνω

268 1795 310 1817 καὶ
334 1792 406 1817 κάτω
430 1791 561 1816 διίσταται
585 1794 620 1818 εἰς
643 1792 691 1824 ἀεί,
716 1794 758 1816 καὶ
778 1789 810 1816 αὖ
831 1791 911 1816 πάλιν
931 1792 1056 1826 καθάπερ
1073 1793 1141 1826 (Ἡρα
1160 1794 1202 1816 καὶ
1221 1792 1292 1824 Ζεύς,
1312 1792 1361 1825 ἀὴρ
1381 1791 1477 1823 δηλαδή
1498 1794 1540 1816 καὶ

267 1836 359 1870 αἰθήρ,
385 1836 452 1861 κατὰ
477 1836 526 1867 τὴν
551 1835 681 1867 ποιότητα
706 1837 750 1867 τῆς
776 1836 943 1870 θερμότητος
967 1835 1172 1869 σινζευγιίἷμειόι
1195 1835 1259 1860 καθ’
1288 1837 1380 1869 ἑτέρην
1409 1835 1540 1867 ποιότητα

268 1879 400 1905 διασπῶσι
420 1880 451 1905 τὸ
472 1880 560 1914 φίλιοι·
580 1883 622 1905 καὶ
643 1880 764 1912 ἀλλήλων
783 1879 940 1911 διίστανται,
961 1881 1028 1905 κατὰ
1052 1880 1101 1912 τὴν
1120 1880 1253 1914 ὑγρότητα
1277 1878 1382 1912 δηλαδή,
1402 1879 1434 1911 ἣν
1454 1878 1468 1903 ὁ
1491 1879 1539 1913 ἀὴρ

267 1925 326 1956 ἔχει,
346 1927 389 1949 καὶ
409 1924 477 1949 κατὰ
495 1924 634 1959 ξηρότητα,
654 1924 669 1956 ἣ
688 1927 867 1949 οωόυσίωίαι
887 1925 924 1955 τῷ
945 1927 1014 1959 πυρί,
1035 1924 1105 1949 οὕτω
1126 1926 1168 1948 καὶ
1187 1923 1431 1957 ἡάλληγορουμὲιή
1449 1923 1540 1955 Τηθὺς

267 1968 333 2000 αὕτη
362 1971 403 1993 καὶ
431 1967 445 1994 ὁ
474 1968 599 1994 Ὠκεανὸς
626 1968 692 1993 κατὰ
716 1970 766 2000 μὲν
789 1968 942 2002 ψυχρότητα
972 1967 1166 1998 ουνὸυιίζονται
1194 1967 1229 1994 ὦς
1257 1967 1298 1993 οἷα
1324 1968 1352 1992 ἐφ’
1377 1967 1540 2001 ἀνθρωπίνῃ

266 2014 321 2037 τινὶ
340 2013 457 2046 συζυγίᾳ.
486 2012 588 2037 καθότι
608 2012 635 2037 δὲ
655 2013 719 2047 ξηρὰ
738 2014 788 2043 μὲν
808 2012 821 2044 ἡ
849 2014 892 2046 γῆ,
921 2012 1005 2046 ὑγρὸν
1025 2011 1051 2037 δὲ
1070 2012 1101 2037 τὸ
1124 2011 1203 2046 ὕδωρ,
1223 2011 1372 2037 διίστανται
1392 2015 1434 2036 καὶ
1453 2011 1539 2044 ἐχθρὰ

269 2057 376 2081 νοοῦσιν
396 2056 524 2088 ἀλλήλοις,
543 2064 620 2088 μῖσος
638 2057 728 2090 ὥσπερ
748 2056 862 2081 αἰώνιον
881 2058 962 2081 τοῦτο
982 2056 1163 2090 φυλάσσοντες
1182 2055 1237 2081 κτλ.

358 2102 379 2133 ⁴2)
402 2101 515 2127 Τιτᾶνας
535 2100 560 2125 δὲ
582 2101 595 2132 ἡ
615 2100 757 2135 ἀλληγορία
777 2108 834 2125 Υνοεῖ
853 2100 886 2125 τὰ
905 2101 933 2125 ἐν
953 2101 1008 2134 ἀέρι
1028 2101 1213 2132 συμπτώματα
1233 2101 1371 2131 πανταχοῦ
1390 2100 1435 2132 γῆς
1454 2109 1538 2124 τιται-

268 2144 380 2177 νόμενα·
404 2143 446 2169 διὸ
472 2147 514 2169 καὶ
542 2145 581 2175 τῷ
601 2145 702 2179 Κρόνῳ
725 2144 818 2178 φιλίως
841 2147 865 2169 οἱ
884 2145 1002 2169 τοιοῦτοι
1026 2143 1135 2170 Τιτᾶνες
1153 2145 1219 2175 ἔχειν
1238 2144 1369 2177 λέγονται,
1389 2145 1478 2178 ψυχρῷ
1498 2146 1540 2168 καὶ

267 2188 340 2220 αὐτῷ
359 2187 421 2213 ὄντι
441 2189 507 2213 κατὰ
527 2189 588 2215 τοῦς
608 2187 870 2219 ἀποτελεσματικοῦς.
908 2189 940 2213 τὰ
965 2189 1076 2213 τοιαῦτα
1099 2187 1127 2213 δὲ
1150 2188 1227 2220 πάθη
1252 2190 1316 2223 πρὶν
1339 2189 1388 2220 μὲν
1407 2187 1540 2214 εὐτάκτως
