1697 2530
293 291 492 322 exhibuimus
517 291 580 329 (καὶ
604 290 686 321 ου’τω
708 293 767 330 μία
791 294 965 330 συνέχεια
988 291 1141 323 ἁπάντων
1163 295 1281 333 γίνεται
1306 293 1358 324 διὰ
1381 297 1443 324 τιῦν
1458 297 1562 334 μέσων

294 344 345 374 καὶ
370 348 433 374 τιῦν
457 343 558 384 ἄκρων
582 341 730 386 ἀλλήλοις
755 343 967 384 συνόουμένων
984 348 1036 385 (sc.
1054 348 1115 376 τῶν
1131 346 1315 388 στοιχείων),
1340 345 1374 389 ἣν
1390 347 1443 377 καὶ
1459 347 1563 388 σειρὰν

292 398 409 438 χρυσῆν
432 395 572 435 ἀλλαχοῦ
596 395 612 427 ὃ
628 394 866 439 αὐτὸςὍᾸιιηρος
883 395 1027 437 ὀνομάζει
1044 413 1085 425 =
1102 399 1187 430 Eust.
1204 410 1233 440 p.
1251 400 1324 439 695,
1344 402 1359 431 1
1375 402 1429 440 ss.)
1447 400 1560 440 agitur.

293 450 348 480 sed
373 449 465 481 etiam
492 450 564 481 aliis
588 450 672 481 illius
697 451 911 482 commentarii
935 451 1026 491 loois3
1053 452 1090 483 of.
1107 462 1135 492 p.
1155 453 1227 492 151,
1246 453 1264 483 3
1281 470 1324 474 -—
1340 449 1375 482 οὗ
1390 452 1486 492 μόνον
1509 452 1563 494 τὴν

295 502 325 533 ἐν
348 505 386 543 τῇ
409 501 580 544 θερμότητι
604 501 726 534 εὔνοιαν
750 503 801 533 καὶ
830 501 896 534 οἷον
927 503 1134 544 συνάφειαν
1158 527 1189 534 ..
1207 530 1214 536 .
1239 515 1267 545 p.
1285 505 1358 545 986,
1377 507 1432 536 61:
1456 525 1499 528 ——
1522 506 1564 542 ὡς

295 554 477 597 λεληθότως
500 554 533 594 ἐξ
557 553 712 596 ἀναλόγου
737 556 820 593 τινὸς
843 555 945 596 γάμος
968 559 1005 597 τῇ
1028 556 1157 598 τοιαύτῃ
1181 554 1285 587 αὐτῶν
1302 560 1484 600 συναφείᾳ
1509 562 1562 597 (se.

292 609 376 640 aeris
408 612 439 640 et
470 609 618 648 aetheris)
649 607 893 651 ἐμφαντάζεται.
941 613 1034 650 atque
1067 610 1233 641 adamasse
1258 610 1357 641 Demo
1389 611 1562 642 huiusmodi

293 663 569 703 interpretationes
587 663 808 703 comprobatur
823 663 942 694 scholio
960 663 1013 693 BT
1030 663 1071 693 ad
1087 666 1117 693 E
1133 664 1195 694 722
1221 662 1340 701 (Ludw.
1357 663 1376 694 l.
1391 663 1409 694 l.
1426 674 1454 704 p.
1472 665 1562 702 3oo):

293 713 347 745 τὸν
371 716 425 756 τῆς
441 712 541 755 ’Ἡρας
564 714 675 756 δίφρον
699 713 799 751 οὕτως
825 711 840 755 ἡ
868 714 978 756 Δημώ
1007 714 1189 755 φυσιολογεῖ
1214 741 1221 748 .
1241 739 1247 746 .
1266 740 1273 747 .
1297 714 1336 746 τά
1362 715 1395 746 δὲ
1418 715 1566 756 μετεωρό-

293 779 377 808 τερα,
410 767 464 798 τὸν
494 767 592 809 ῥυμόν
622 779 714 809 φημι,
747 765 895 809 ἀργύρεον
927 769 1020 808 λέγει,
1053 768 1089 799 τὸ
1120 767 1153 798 δὲ
1184 767 1314 799 πάντων
1341 765 1487 809 ἀνωτέρω
1512 769 1561 798 καὶ

293 823 524 862 συνημμένον
547 821 591 861 τῷ
616 818 725 862 αἰθέρι
749 819 880 861 χρύσεον
902 819 1004 860 ζυγόν,
1029 820 1226 858 συνέζευκται
1250 821 1309 861 γάρ
1333 819 1442 859 τούτῳ.

382 874 528 911 Quintum
565 877 780 913 argumentum
817 873 889 904 inde
925 876 973 905 est
1002 874 1182 914 petendum⁷
1215 874 1298 913 quod
1334 874 1562 914 astrologorum

293 937 377 958 more
403 927 591 967 explicatum
616 926 750 957 vidimus
774 927 805 957 in
830 926 884 957 illo
910 936 1005 967 opere
1023 926 1202 967 Saturnum,
1228 937 1318 966 quem
1336 926 1446 958 eodem
1471 927 1563 957 modo

295 980 387 1011 etiam
413 980 513 1011 Demo
548 979 725 1020 explicasse
759 979 848 1010 testis
880 982 928 1010 est
951 979 1132 1010 Eustathius
1165 990 1194 1020 p.
1218 981 1291 1019 719,
1307 982 1348 1011 44
1379 980 1419 1010 ad
1447 981 1564 1011 &3832

287 1032 366 1074 ’Ἡρη
390 1035 515 1074 πρέσβα
540 1031 613 1067 θεά,
638 1031 785 1074 θυγάτηρ
808 1031 959 1072 μεγάλοιο
977 1031 1125 1073 Κρόνοιο;
1151 1032 1239 1063 καλεῖ
1259 1032 1293 1063 δὲ
1310 1033 1362 1063 καὶ
1379 1033 1431 1063 τὸν
1447 1032 1564 1073 Κρόνον

293 1084 441 1127 συνήθως
464 1084 495 1116 ἐν
519 1084 643 1122 τούτοις
672 1087 772 1125 μέγαν
803 1083 818 1114 :‘=
853 1083 988 1126 ποιητής
1004 1110 1010 1116 .
1030 1109 1063 1117 ..
1090 1084 1143 1115 καὶ
1167 1085 1247 1122 Ζεὺς
1278 1084 1310 1115 δὲ
1342 1084 1425 1116 οὕτω
1455 1088 1562 1126 μέγας.

292 1138 320 1170 εἰ
343 1139 395 1169 καὶ
420 1139 437 1181 ἡ
462 1138 558 1180 Δημώ
582 1139 625 1179 τῷ
642 1137 754 1179 Κρόνῳ
777 1138 811 1169 τι)
836 1138 1002 1178 μεγαλεῖον
1025 1136 1201 1179 ἀποκληροῖ
1224 1137 1276 1169 διὰ
1300 1139 1336 1169 τὸ
1362 1142 1419 1169 τοῦ
1436 1136 1566 1179 ἀστέρος

292 1194 438 1232 μέγεθος.
478 1202 580 1231 neque
598 1191 691 1222 aliter
707 1191 829 1222 videtur
844 1191 1061 1232 accipiendum
1083 1201 1152 1222 esse
1176 1191 1273 1222 schol.
1298 1192 1338 1222 ad
1355 1195 1382 1222 Β
1400 1193 1462 1223 205
1480 1192 1527 1230 (fr.
1546 1194 1564 1222 2

294 1245 432 1286 Ludw.):
457 1243 675 1286 ἀγκυλομήτης
699 1242 715 1274 ὁ
740 1243 904 1285 Κρόνος..
923 1267 929 1274 .
955 1242 971 1274 ὁ
995 1243 1034 1274 τὰ
1059 1241 1183 1284 ἀγκύλα
1206 1243 1259 1274 καὶ
1291 1243 1425 1286 δυσχερῆ
1466 1243 1563 1284 πράγ-

293 1310 379 1337 ματα
412 1301 449 1339 τῇ
480 1296 559 1339 μήτι
591 1295 844 1337 περιλαμβάνων,
869 1295 1016 1337 κορόνους
1039 1308 1087 1333 τις
1110 1294 1153 1327 ὢν
1176 1296 1228 1327 καὶ
1260 1297 1379 1334 τέλειος
1411 1300 1491 1334 νοῦς,
1523 1296 1565 1334 ὥς

294 1361 388 1392 φησιν
404 1349 423 1392 ἦ
442 1350 550 1392 Δημώ.
587 1351 700 1381 etenim
718 1350 796 1381 haec
814 1359 937 1389 quoque
954 1349 994 1380 ad
1011 1349 1164 1380 rationem
1181 1350 1402 1389 astrologicam
1420 1354 1564 1391 spectare

292 1404 385 1435 faoile
419 1403 582 1442 concedes,
616 1403 642 1433 si
675 1402 849 1443 inspexeris
881 1402 1086 1442 Hermippum
1111 1402 1141 1432 H
1173 1412 1197 1433 o.
1222 1403 1252 1441 3,
1270 1404 1311 1433 24
1345 1413 1373 1443 p.
1392 1403 1431 1434 37
1462 1403 1564 1433 Kroll:

293 1457 347 1488 τὸν
376 1456 433 1496 μὲν
465 1451 519 1487 οὖν
542 1457 597 1486 τοῦ
628 1454 752 1496 Κρόνου
781 1454 900 1495 ἔφαμεν
924 1454 959 1484 τι)
984 1454 1079 1485 πλέον
1102 1453 1183 1493 ἔχειν
1206 1452 1238 1485 ἐν
1260 1459 1305 1494 τῷ
1327 1458 1449 1496 ψυχρῷ.
1475 1450 1566 1492 οὗτος

293 1509 327 1540 δὲ
347 1508 395 1540 ὅτι
422 1509 477 1548 „zo
501 1508 645 1550 καθαρὸν
669 1508 720 1538 καὶ
746 1505 900 1549 ἀκήρατον
916 1509 1057 1548 σημαίνει
1074 1510 1130 1537 τοῦ
1146 1509 1218 1537 νοῦ“
1239 1508 1331 1548 (Plat.
1349 1507 1432 1539 Crat.
1451 1509 1564 1540 396b].

294 1563 347 1593 καὶ
371 1561 403 1600 ἐξ
427 1559 524 1592 αὐτοῦ
546 1565 602 1592 τοῦ
626 1559 780 1600 ὀνόματος
804 1560 896 1602 δῆλον
919 1561 1126 1590 καθίσταται.

382 1614 463 1646 illud
493 1624 616 1654 quoque
647 1624 708 1645 non
740 1613 1049 1654 praetermittendum
1082 1617 1138 1653 est,
1173 1613 1255 1653 quod
1285 1613 1325 1644 ad
1355 1623 1393 1644 ea
1421 1624 1502 1653 quae
1528 1614 1566 1645 de

294 1678 386 1699 curru
400 1668 528 1699 Iunonis
545 1670 652 1698 narrat
668 1668 768 1698 Demo
786 1667 869 1707 apud
887 1666 972 1697 Eust.
990 1677 1018 1707 p.
1037 1668 1109 1705 598,
1122 1668 1223 1706 4lss.‚
1245 1666 1384 1707 proxime
1401 1667 1566 1705 accedunt,

294 1731 374 1761 quae
399 1721 438 1752 de
462 1721 546 1752 Iovis
571 1730 660 1751 curru
685 1720 885 1761 disputantur
910 1719 950 1750 ab
968 1719 1132 1750 Eustathio
1157 1730 1186 1760 p.
1204 1720 1277 1759 697,
1293 1720 1311 1750 9
1337 1719 1390 1757 (ad
1411 1730 1437 1750 v.
1456 1722 1479 1749 Θ
1495 1721 1565 1761 41):

1024 1770 1134 1803 Ἰστέον
1157 1771 1190 1802 δὲ
1214 1769 1263 1802 ὅτι
1287 1771 1316 1802 οἱ
1332 1770 1365 1802 ἐκ
1382 1772 1445 1802 τῶν
1459 1774 1565 1813 μαθη-

956 1824 1065 1864 μάτων
1103 1822 1223 1866 οῗνηκειν
1261 1824 1357 1865 φασὶν
1397 1822 1473 1866 ἡλίῳ
1511 1824 1565 1856 τὸν

957 1877 1080 1918 χρυσόν,
1121 1875 1164 1914 (ὗς
1201 1880 1240 1918 τῇ
1275 1876 1387 1918 σελήνῃ
1422 1875 1563 1918 ἄργυρον,

958 1930 1070 1971 Κρόνῳ
1109 1929 1142 1960 δὲ
1180 1928 1337 1970 μόλυβδον
1375 1929 1428 1960 καὶ
1478 1928 1565 1970 ἄλλῳ

956 1985 1017 2013 τῶν
1051 1982 1263 2022 πλανωμένων
1302 1981 1405 2023 ἕτερόν
1439 1995 1470 2013 τι
1505 1986 1565 2013 τῶν

361 2038 461 2068 Demo
494 2038 528 2068 fr.
552 2038 586 2068 6:
621 2036 723 2075 ἔχουσι
758 2034 785 2066 δ’
817 2035 902 2075 ὅμως
956 2035 1129 2075 μετάλλων.
1198 2034 1245 2065 ou}
1295 2038 1414 2075 χαίρειν
1463 2037 1567 2077 χρυσῷ

294 2092 347 2120 καί
363 2101 394 2119 τι
409 2090 537 2130 φαεινὸν
553 2090 603 2119 καὶ
630 2087 696 2120 οἷον
721 2088 847 2130 χρύσεον
869 2087 902 2126 ἐξ
957 2089 1078 2129 λέγεται
1112 2088 1163 2118 καὶ
1197 2086 1213 2118 ὁ
1244 2087 1330 2125 Ζεύς,
1364 2087 1484 2119 καθότι
1512 2089 1563 2119 καὶ

293 2139 394 2183 ἡλίου,
420 2137 444 2183 ᾧ
468 2140 626 2173 ἀνάκειται
653 2140 669 2173 ὁ
694 2141 814 2183 χρυσός.
957 2140 1001 2178 εἰς
1024 2139 1113 2182 ἥλιον
1136 2138 1356 2182 ἅλληγορεῖταί
1380 2151 1459 2172 ποτε
1483 2141 1564 2171 κατὰ

956 2193 1010 2225 τὸν
1040 2192 1186 2224 εἰπόντα’
1218 2191 1234 2223 ὅ
1264 2193 1320 2232 μὲν
1351 2193 1388 2235 ὅτ]
1413 2196 1511 2234 μέγας
1535 2191 1566 2224 ἕν
