1697 2530
674 600 804 640 Caput
834 600 855 630 l.

130 690 188 737 Dc
203 688 427 736 Heracliti
444 689 490 735 ct·
505 686 745 734 Plutarchi
763 687 1000 745 personati
1017 687 1144 734 fonte
1163 688 1406 734 communi.

218 796 402 835 Priusquam
421 794 461 826 ad
478 794 695 834 quaestionem
711 794 741 824 in
757 794 814 824 hoc
829 794 932 834 capite
947 794 1020 824 mihi
1035 794 1229 834 propositam
1244 792 1405 833 accedam,

129 849 320 881 removenda
344 848 418 879 mihi
435 851 506 878 sunt
524 847 687 878 obstacula
705 847 870 886 quaedam,
897 847 1010 887 quibus
1028 847 1131 878 aditus
1149 847 1189 878 ad
1206 847 1406 878 Plutarchum

130 913 220 944 pers,
252 906 365 934 testem
399 901 533 932 omnium
566 900 597 931 in
630 900 687 931 hac
712 910 807 931 causa
839 901 931 931 facilc
963 900 1195 940 gravissimum,
1230 901 1407 931 obstructus

129 966 231 996 paene
257 960 287 986 et
308 955 492 995 praeclusus
513 959 569 985 est.
609 954 725 985 etenim
742 957 831 985 tanta
847 955 928 984 inter
945 955 1029 985 viros
1047 954 1157 985 doctos
1174 957 1204 984 et
1223 954 1260 985 de
1277 957 1406 985 auctore

128 1009 196 1049 ipso
226 1014 257 1039 et
282 1008 320 1038 dc
346 1007 417 1038 libri
442 1007 626 1038 condicione
656 1011 687 1038 ct
711 1007 816 1038 indole
842 1013 948 1038 coorta
974 1012 1020 1038 est
1045 1007 1211 1047 dissensio,
1241 1011 1273 1038 ut
1298 1018 1406 1038 eorum

129 1062 328 1092 dinumerare
346 1060 472 1099 quidem
490 1060 655 1101 opiniones
672 1071 729 1101 pro
747 1061 907 1101 praesenti
925 1060 1144 1100 disquisitione
1162 1061 1288 1101 longum
1306 1060 1406 1091 visum

126 1114 176 1152 sit,
210 1114 279 1154 ipse
310 1119 414 1145 tamen
448 1113 521 1153 quid
556 1114 698 1152 sentiam,
731 1114 834 1144 lacere
866 1124 929 1145 non
958 1115 1085 1153 possim,
1119 1115 1192 1153 quin
1222 1114 1406 1145 brevissime

127 1166 320 1198 adumbrem.
360 1177 432 1197 nam
457 1166 518 1197 uisi
542 1166 637 1197 totius
662 1167 767 1207 operis
792 1167 914 1198 ratione
933 1167 1051 1207 habita,
1078 1178 1139 1198 non
1158 1170 1305 1208 poterunt
1320 1172 1406 1198 recte

125 1220 317 1260 firmiterque
334 1220 499 1251 diiudicari
517 1230 568 1251 res
585 1220 766 1259 nonnullae,
788 1230 868 1260 quae
887 1225 958 1251 sunt
975 1220 1015 1251 ad
1033 1221 1250 1260 quaestionem
1269 1225 1406 1252 nostram

126 1273 209 1305 haud
235 1273 401 1304 mediocris
426 1273 585 1304 momenti.

216 1326 410 1367 Compilatus
434 1327 530 1367 igitur
554 1327 603 1358 hie
629 1327 754 1358 libellus
779 1332 827 1358 est
852 1338 870 1358 a
895 1328 1114 1367 ludimagistro
1136 1327 1314 1367 quodamsi,
1340 1328 1406 1358 sive

126 1379 231 1420 plures
260 1380 392 1414 fuerunt.
422 1380 475 1419 qui
504 1380 654 1420 deinceps
684 1380 731 1410 his
760 1381 918 1421 excerptis
947 1381 1173 1412 concinnandis
1199 1391 1326 1421 operam
1353 1380 1406 1411 de-

127 1432 246 1471 deruut,
272 1442 372 1473 eoque
397 1433 540 1472 consilio,
566 1437 598 1463 ut
623 1433 676 1472 qui
700 1434 791 1473 pueri
815 1433 1053 1464 Homericorum
1079 1434 1250 1465 carminum
1273 1434 1406 1464 lectione

127 1486 349 1526 imbuerentur,
373 1487 569 1517 commodum
595 1486 784 1517 breviarium
809 1487 955 1518 manibus
978 1491 1121 1518 tenerent
1139 1487 1275 1518 omnium
1293 1487 1407 1518 artium

127 1545 157 1570 et
191 1539 437 1580 disciplinarum⁷
470 1549 600 1579 quarum
634 1540 790 1570 elementa
819 1540 975 1571 Homerus
1008 1544 1039 1571 et
1069 1545 1229 1580 tamquam
1260 1541 1407 1582 exempla

127 1593 263 1633 posteris
287 1592 439 1623 imitanda
464 1597 494 1624 ct
519 1593 694 1624 excolenda
718 1593 909 1625 tradidisset.
950 1594 1115 1635 dispositio
1139 1598 1244 1625 autem
1276 1598 1307 1625 et
1331 1594 1406 1625 ordo

126 1656 231 1677 rerum
257 1656 326 1677 cum
351 1646 383 1676 in
407 1646 585 1677 universum
611 1646 736 1686 quidem
761 1646 839 1678 satis
863 1647 953 1678 laxus
978 1648 1017 1678 sit
1043 1651 1072 1678 et
1094 1658 1204 1688 parum
1223 1657 1408 1687 congruens.

127 1699 231 1730 inedia
269 1703 375 1730 tamen
414 1699 570 1739 longeque
607 1700 801 1740 amplissima
836 1700 935 1731 libelli
970 1711 1044 1741 pars
1080 1701 1250 1732 secundum
1290 1710 1408 1740 genera

127 1752 252 1783 dicendi
269 1752 432 1784 subdivisa
449 1756 497 1784 est
513 1753 543 1783 in
557 1750 661 1793 ςλόγον
677 1751 841 1793 ἱστορικόν’
859 1756 898 1792 (c.
914 1755 1066 1786 74—90i.
1081 1750 1188 1794 ‘Zo'yov
1206 1751 1406 1796 θεωρητικόιῖ

127 1813 165 1847 (c.
199 1806 376 1847 91-150)‚
406 1802 513 1846 ‘Myonl
546 1804 719 1837 πολιτικόν’
757 1814 795 1845 (ο.
826 1806 990 1847 lsslss.)²).
1039 1817 1120 1847 quae
1148 1812 1253 1838 tamen
1284 1807 1406 1846 divisio⁷

127 1859 186 1890 etsi
210 1869 267 1900 per
288 1869 321 1891 se
340 1859 464 1899 quidem
482 1859 566 1891 bona
583 1864 614 1891 et
631 1860 760 1900 antiqua
778 1864 824 1892 est
849 1880 891 1882 —
916 1864 1180 1892 commemoratur
1196 1861 1278 1892 enim
1296 1860 1407 1892 eadem

128 1922 147 1943 a
171 1911 323 1944 Cicerone
348 1913 380 1943 in
405 1912 540 1944 Oratore
565 1915 616 1953 54,
638 1915 715 1945 181:
743 1914 912 1954 „quoniam
937 1914 1024 1945 aliud
1049 1924 1147 1954 genus
1174 1919 1221 1946 est
1245 1915 1406 1952 narrandi,

222 1992 239 2024 ¹)
260 1991 300 2017 Cf.
321 1991 442 2018 Baedorf
458 1992 475 2018 l.
496 1992 522 2025 l.‚
542 2000 566 2026 p.
580 1993 623 2019 4⁴2.
650 2008 684 2011 ——
709 2002 730 2019 C.
748 1995 773 2019 1:
800 1993 916 2026 *Όμηρον
942 1994 989 2019 τὸν
1008 1994 1126 2025 ’ποιητήν
1154 1993 1244 2028 χρόνῳ
1272 1995 1322 2025 μὲν
1352 1994 1408 2018 τῶν

129 2034 270 2064 πλείστων,
289 2034 400 2064 δυνάμει
424 2035 452 2060 δὲ
476 2036 590 2061 πάντων
614 2038 724 2070 πρῶτον
742 2037 892 2070 γενόμενον
916 2038 1024 2064 εἰκότως
1043 2038 1268 2071 ἀιάγιινιύσκοιιιεν
1288 2039 1407 2071 πρῶτον,

127 2078 308 2113 ὠφελούμενοι
331 2081 364 2105 τὰ
387 2083 497 2114 μέγιστα
523 2082 557 2107 εἲς
582 2091 609 2106 ἰε
633 2082 682 2114 τὴν
706 2082 801 2115 φωνὴν
826 2085 868 2107 καὶ
894 2082 942 2114 τὴν
966 2081 1091 2108 διάνοιαν
1116 2086 1158 2107 καὶ
1177 2083 1226 2114 τὴν
1246 2083 1303 2107 τῶν
1323 2092 1407 2117 πρηγ-

128 2124 223 2149 μάτων
241 2124 424 2158 πολυπειρίαν.

218 2170 240 2201 ²)
259 2169 420 2202 Disputavit
438 2170 471 2197 de
490 2170 532 2196 his
552 2170 687 2203 capitibus
707 2171 872 2198 Schraderus
891 2172 923 2198 de
944 2172 1017 2197 Plut.
1033 2171 1198 2203 Chae1·.·0‚u.
1216 2171 1272 2203 μεὶ..
1294 2180 1318 2204 p.
1333 2173 1405 2197 Ὲῖωε.

128 2212 197 2238 idem
218 2213 243 2238 in
264 2213 380 2240 Hermae
400 2218 419 2239 t.
440 2216 473 2240 35
494 2223 518 2247 11-
539 2215 630 2242 53035.
651 2224 667 2241 a
687 2223 738 2248 quo
759 2220 850 2242 tamen
870 2216 1006 2249 plerisque
1026 2216 1052 2242 iu
1072 2216 1152 2242 rebus
1172 2216 1310 2242 dissentio.
