1697 2530
728 206 765 236 21

110 315 190 346 ratio
218 315 258 346 ad
287 314 459 345 subiectam
489 312 595 354 operis
621 311 784 342 materiam
810 310 906 341 multo
933 308 1199 341 accommodatior
1223 312 1270 339 est
1295 318 1387 348 quam

109 369 181 400 talis
213 367 301 407 ordo,
335 367 460 407 qualem
493 366 625 407 praebet
657 364 845 403 Heraclitus,
881 363 932 402 qui
965 373 1033 394 cum
1067 361 1208 401 singulas
1239 361 1388 401 deinceps

109 421 294 463 rhapsodias
330 420 523 462 perlustrare
559 418 754 457 instituisset,
793 417 883 456 quasi
918 416 1051 447 materia
1086 416 1157 456 ipsa
1192 417 1387 456 repugnante

111 474 322 515 digressiones
347 474 451 505 tacere
478 476 607 504 coactus
632 474 680 503 est
704 471 734 502 in
761 471 806 502 eis
831 470 909 512 ipsis
934 469 1138 509 argumentis,
1163 478 1294 508 quornm
1313 470 1388 508 apta

111 533 157 559 est
182 531 213 559 ct
237 527 370 568 simplex
396 526 551 567 expositio
576 525 607 555 in
634 525 705 556 vita
730 524 867 555 Homeri.

200 581 347 620 Sequitur
379 589 572 611 communem
600 578 753 609 Heracliti
783 581 813 608 et
837 576 996 608 Plutarchi
1026 585 1108 617 pers.
1140 576 1256 606 fontem
1287 584 1388 613 neque

111 635 150 666 ad
183 633 424 675 rhapsodiarum
461 631 601 664 ordinem
643 631 798 670 digestum
833 630 928 661 fuisse
968 639 1070 668 neque
1105 628 1231 659 omnino
1275 637 1389 668 corpus

112 688 333 728 allegoriarum
353 687 458 725 luisse,
484 685 538 716 scd
556 685 683 716 Homeri
701 683 933 725 philosophiam
951 682 1060 713 ordine
1077 691 1113 712 ac
1131 682 1182 712 via
1200 681 1388 721 explicasse.

111 752 172 780 quo
205 741 236 772 iu
268 743 454 780 argumento
487 738 567 769 ratio
599 737 772 777 allegorica
804 737 861 768 etsi
894 746 956 767 non
989 739 1113 776 poterat
1144 745 1206 765 non
1237 734 1390 773 adhiberi,

113 795 286 835 principem
312 797 416 825 tamen
439 792 610 823 obtinuisse
629 791 728 822 locum
747 800 946 830 nequaqnam
964 788 1106 830 putanda
1123 791 1180 819 est.
1221 797 1258 819 ac
1275 797 1314 818 ne
1332 787 1390 818 hoc

113 847 238 887 quidem
264 850 368 888 potest
392 845 536 884 dubitari,
562 845 636 885 quin
662 844 744 875 haud
769 854 872 884 panca
893 843 954 874 sint
974 843 1004 874 in
1023 841 1176 873 Heracliti
1192 841 1283 881 libro,
1309 850 1390 881 quae

113 912 151 932 cx
177 902 230 932 illo
256 904 340 931 certe
366 909 462 941 opere
487 898 614 929 fluxisse
638 898 724 928 nullo
749 897 842 928 modo
868 899 993 936 queant,
1019 906 1088 926 cuni
1114 895 1238 934 quidem
1261 894 1391 925 dimidia

113 955 177 985 scre
206 954 237 985 in
266 953 363 985 libelli
392 955 482 994 parte
509 962 569 983 nou
596 951 634 982 de
659 950 860 992 philosophia
884 960 934 981 res
960 952 1080 989 agatur,
1113 948 1168 980 sed
1194 957 1390 988 quocumque

112 1007 203 1039 modo
229 1007 355 1038 fabulae
381 1006 420 1037 ad
445 1005 648 1046 allegoricam
673 1004 827 1035 rationem
852 1003 1038 1043 redigantur
1050 1002 1081 1042 ¹).

202 1059 292 1097 Quod
321 1060 346 1091 si
379 1060 422 1090 ita
451 1062 506 1098 est,
535 1061 565 1089 et
593 1060 798 1089 secernantur
826 1067 845 1088 a
870 1059 1043 1087 ceterorum
1073 1056 1167 1087 turba
1195 1058 1320 1096 oportet
1345 1065 1391 1094 ea,

113 1123 193 1152 quae
223 1123 261 1144 ex
288 1113 341 1143 illo
371 1113 456 1143 fonte
483 1111 626 1142 hausisse
651 1111 829 1142 Heraclitus
854 1109 1009 1149 videatur,
1040 1113 1070 1140 ct
1095 1112 1218 1140 secreta
1242 1112 1390 1148 quantuni

112 1166 178 1197 ticri
204 1165 310 1206 possit,
336 1165 375 1196 ad
393 1164 554 1196 Plutarchi
579 1174 660 1205 pers.
686 1174 826 1194 normam
853 1163 1044 1203 digerantur.
1084 1166 1178 1201 atque
1198 1172 1237 1193 ea
1255 1161 1390 1201 quidem,

113 1228 192 1259 quac
211 1218 248 1250 de
266 1219 492 1250 elementorum
510 1217 619 1248 ordine
637 1219 765 1258 exponit
784 1216 972 1254 Heraclitus,
999 1226 1060 1255 qua
1077 1216 1200 1246 ratione
1219 1215 1392 1255 digerenda

113 1275 227 1313 essent,
253 1275 403 1312 quantum
426 1271 503 1302 satis
525 1274 582 1309 est.
608 1270 752 1302 videmur
768 1280 863 1310 supra
881 1269 1068 1310 explicasse.
1107 1268 1279 1310 respondet
1295 1269 1392 1309 igitur

112 1326 192 1357 Plut.
209 1335 233 1356 c.
251 1326 291 1357 93
309 1340 350 1351 z
370 1325 443 1355 Her.
461 1335 486 1355 c.
504 1325 560 1363 22;
586 1324 664 1354 Plut.
682 1334 707 1355 c.
725 1325 765 1354 94
784 1338 825 1349 z
844 1323 917 1354 Her.
936 1333 960 1354 c.
979 1324 1034 1362 363
1060 1323 1140 1353 Plut.
1158 1332 1182 1353 e.
1200 1323 1241 1354 96
1259 1337 1300 1348 Ξ
1318 1323 1392 1353 Her.

113 1389 136 1410 c.
155 1380 196 1410 39
206 1378 244 1420 ²),
269 1378 349 1409 Plut.
370 1388 394 1409 c.
413 1378 453 1409 97
479 1378 544 1408 init.
566 1392 607 1403 =
630 1377 703 1408 Her.
721 1387 745 1408 c.
763 1378 804 1408 23
823 1380 853 1408 et
870 1378 909 1407 41
936 1376 1016 1415 init.;
1042 1376 1122 1407 Plut.
1149 1386 1172 1407 c.
1191 1377 1230 1407 97
1258 1376 1326 1407 init.
1350 1391 1390 1402 Ξ

112 1433 184 1464 Her.
209 1442 233 1463 c.
255 1433 294 1463 41
320 1435 396 1462 extr.
443 1431 521 1462 haee
557 1431 595 1462 de
632 1430 855 1461 elementorum
893 1430 1011 1461 ordine.
1058 1430 1120 1461 iam
1157 1430 1195 1460 de
1232 1429 1391 1460 discordia

113 1486 297 1525 qualitatum
337 1488 368 1516 et
404 1484 611 1523 contentione,
651 1494 743 1523 quam
788 1484 934 1515 statuerit
973 1483 1182 1524 Empedocles
1221 1483 1390 1514 Homerum

114 1539 234 1570 scilicet
256 1538 404 1577 imitatus,
429 1538 534 1578 agitur
550 1537 582 1568 in
598 1537 678 1568 Plut.
700 1548 743 1568 cc.
761 1538 914 1568 99—102
932 1552 973 1563 z
990 1537 1063 1568 Her.
1081 1547 1124 1568 cc.
1143 1538 1273 1568 52—58
1291 1540 1322 1568 et
1339 1537 1391 1567 69.

113 1603 173 1632 quo
205 1602 274 1623 cum
304 1595 488 1631 argumento
522 1601 561 1623 ea
592 1601 725 1631 quoque,
759 1601 840 1631 quae
873 1590 911 1622 de
945 1590 1190 1631 conflagratione
1222 1590 1329 1621 mundi
1361 1594 1392 1621 et

112 1645 316 1677 inundatione
344 1648 512 1676 narrantur
539 1645 579 1676 ab
608 1644 769 1676 Heraclito
794 1654 818 1676 c.
841 1646 892 1678 25,
925 1644 983 1675 etsi
1012 1644 1042 1674 in
1072 1644 1144 1675 Vita
1168 1644 1299 1675 Homeri
1329 1653 1392 1674 non

115 1699 271 1738 leguntur,
296 1702 400 1729 tamen
426 1698 506 1729 adeo
532 1702 602 1729 sunt
627 1698 802 1737 coniuncta,
834 1702 866 1729 ut
894 1708 956 1728 non
985 1698 1085 1729 solum
1111 1708 1150 1729 ex
1175 1697 1285 1729 eodem
1311 1698 1392 1729 libro

113 1751 168 1783 sed
193 1761 232 1782 ex
256 1752 365 1783 eodem
391 1761 515 1791 quoqne
540 1752 609 1783 loco
633 1752 716 1783 unde
733 1751 924 1782 Plutarehea
949 1751 1003 1782 illa
1026 1751 1134 1792 capita
1150 1751 1304 1782 translata
1322 1761 1392 1782 esse

112 1804 322 1846 videanturss).
370 1805 525 1836 difficilior
555 1805 699 1844 quaestio
729 1808 776 1836 est
805 1804 843 1836 de
873 1807 960 1835 scuto
989 1804 1129 1843 Achillis,
1158 1803 1197 1835 de
1226 1814 1285 1843 quo
1314 1804 1393 1835 satis

205 1885 222 1915 ¹)
252 1884 291 1911 Cf.
313 1885 446 1911 Schrader
469 1883 568 1918 Porpb.
592 1885 605 1910 I
631 1885 679 1911 401
709 1884 841 1916 „Videtur
869 1887 960 1910 autem
989 1883 1048 1909 fons
1076 1883 1122 1909 ille
1151 1883 1297 1909 communis
1327 1891 1393 1916 opus

114 1928 196 1955 fuisse
225 1929 258 1955 ab
287 1929 393 1955 homine
421 1929 528 1956 Stoicae
557 1932 648 1955 sectae
676 1929 784 1955 addicto
814 1928 998 1962 compositum,
1029 1928 1074 1961 qui
1103 1927 1195 1954 Stoica
1224 1927 1392 1960 aliarumque

114 1972 316 2006 disciplinarum
335 1973 438 2006 placita
457 1981 516 2000 cum
536 1973 647 2000 Homeri
668 1973 790 2000 versibus
811 1972 966 2005 contulerit,
987 1976 1014 1999 et
1035 1975 1169 2005 quatenus
1182 1972 1209 1997 in
1229 1972 1263 1998 iis
1280 1971 1393 1998 investi-

116 2017 177 2050 gari
205 2021 312 2050 possent
340 2018 541 2051 perquisiverit,
570 2018 613 2044 cui
642 2017 753 2044 consilio
778 2017 927 2051 allegorica
951 2017 1105 2044 fabularum
1125 2016 1319 2050 interpretatio
1338 2024 1392 2042 non

115 2061 205 2094 potuit
223 2070 276 2088 non
295 2062 442 2088 adhiberi.“

205 2105 226 2139 ⁹)
245 2105 371 2133 Fortasse
390 2110 480 2133 tamen
499 2107 578 2133 huius
599 2107 696 2140 capitis
717 2106 793 2141 origo
814 2106 869 2132 alia
887 2106 1035 2133 statuenda
1054 2109 1103 2138 est,
1124 2113 1182 2132 cum
1203 2113 1255 2132 non
1275 2105 1346 2131 ouini
1360 2113 1392 2132 ex

115 2152 194 2182 parte
213 2157 271 2176 cum
291 2149 404 2177 Homeri
424 2151 490 2177 Vita
509 2155 652 2185 congruat.

207 2193 228 2226 3)
247 2194 351 2221 Dubius
379 2195 476 2222 haereo
505 2196 537 2222 de
557 2204 593 2222 cc.
613 2196 726 2229 64-66,
755 2203 824 2228 quae
849 2195 1023 2222 consentiunt
1047 2203 1105 2221 cum
1130 2193 1202 2220 Sext.
1229 2195 1305 2227 Einp.
1331 2194 1390 2220 adv.

117 2238 199 2263 math.
220 2237 288 2264 1X5
309 2246 331 2271 p.
353 2239 403 2266 392
414 2239 444 2265 B.
