1697 2530
899 193 939 222 34

374 297 567 328 Schraderus
602 296 676 327 olim
712 306 779 327 cum
815 296 983 337 Porphyrii
1018 297 1233 336 quaestionem
1269 297 1450 337 conspirare
1486 306 1555 327 cum

284 350 446 381 Plutarchi
473 359 555 390 pers.
587 349 691 390 capite
718 350 777 380 111
815 349 944 388 videret,
976 350 1016 380 ad
1050 359 1213 380 commune
1244 359 1313 381 eam
1338 349 1489 380 Heracliti
1525 352 1558 380 et

284 402 444 433 Plutarchi
477 412 559 443 pers.
600 412 679 442 opus
710 411 861 433 revocare
901 402 1002 433 nullus
1038 402 1203 433 dubitavit.
1252 406 1435 443 comparato
1474 412 1557 433 nunc

285 456 478 496 Hippocrate
500 458 633 496 apparet
656 455 749 495 longe
775 455 865 486 aliter
889 465 923 486 se
948 465 1012 486 rem
1029 455 1156 495 habere,
1181 465 1248 486 cum
1266 459 1330 486 tam
1346 459 1414 486 arto
1431 455 1555 486 viuculo

286 509 325 539 sit
350 519 419 539 cum
435 508 638 549 Hippocratis
662 509 814 539 memoria
837 508 918 538 ratio
943 508 1116 548 allegorica
1137 508 1303 539 coniuncta
1318 509 1349 539 in
1370 508 1556 548 quaestione

285 561 513 602 Porphyriana‚
538 564 571 592 ut
595 571 725 592 necesse
750 561 789 591 sit
814 571 892 599 eum,
924 561 976 600 qni
1001 561 1120 601 primus
1144 561 1221 591 illud
1245 564 1365 592 zetema
1388 560 1553 599 invenerit,

285 615 508 655 Hippocratem
534 614 724 654 adhibuisse,
749 624 852 653 neque
876 614 907 644 id
925 614 1037 645 fecisse
1054 614 1086 644 in
1103 617 1257 654 perpetua
1273 614 1556 654 argumentatione,

286 668 388 708 qualis
424 671 471 699 est
500 667 584 708 apud
615 667 816 698 Plutarchum
852 677 942 707 pers.⁷
980 667 1035 698 sed
1071 667 1102 698 in
1136 667 1330 707 singularum
1366 666 1555 697 solutionum

286 721 470 752 collectione
506 720 649 760 quadam.
696 720 792 751 multo
827 730 900 751 vero
934 720 1060 759 gravius
1092 723 1149 759 est,
1184 720 1266 759 quod
1300 719 1451 750 orationis
1483 729 1557 749 con-

285 774 429 805 formatio
454 774 485 804 in
509 773 693 812 quaestione
718 773 773 804 illa
798 773 857 804 etsi
882 774 976 814 paulo
1002 783 1093 812 quam
1112 773 1327 813 Hippocratea
1351 776 1398 803 est
1419 772 1557 811 liberior,

286 828 352 858 eius
385 830 489 857 tamen
521 826 605 857 modi
638 829 693 862 est,
726 829 758 856 ut
789 826 932 857 dubitare
963 836 1113 866 nequeas,
1146 826 1219 865 quin
1253 826 1480 857 declamantem
1517 824 1556 855 de.

285 881 421 911 Homero
454 879 565 910 audias
597 889 689 909 unum
715 889 753 909 ex
778 879 935 910 veteribus
966 879 1122 919 sophistis.
1157 889 1214 910 nec
1238 879 1399 909 fortuitum
1423 878 1555 915 videtur,

286 934 367 972 quod
392 933 502 964 eadem
527 933 592 963 fere
618 932 648 962 in
673 932 801 971 regione
827 935 857 962 et
881 932 1083 972 Hippocratis
1111 932 1254 962 floruisse
1286 931 1393 963 schola
1423 931 1557 961 traditur

286 991 316 1017 et
341 986 465 1027 plurimi
489 985 605 1016 vixisse
630 988 768 1016 veterum
794 985 996 1025 interpretum
1021 985 1161 1015 Homeri:
1188 984 1321 1015 Thasius
1346 984 1404 1014 fuit
1429 984 1556 1015 Stesim-

286 1041 401 1079 brouls,
431 1039 598 1069 Abderites
623 1038 830 1077 Democritus7
862 1039 1098 1079 Lampsacenus
1120 1038 1323 1069 Metrodorus.
1364 1037 1437 1077 quid
1462 1036 1559 1076 igitur

285 1093 405 1131 mirum,
432 1092 457 1122 si
481 1091 626 1122 vicinitas
650 1092 811 1131 regionum
836 1091 940 1122 studia
964 1091 1121 1121 hominum
1146 1091 1325 1122 coniunxit?

375 1144 495 1182 Quodsi
526 1154 600 1175 vcra
636 1148 682 1175 cst
716 1145 794 1175 haec
827 1147 935 1175 nostra
968 1145 1156 1182 coniectura,
1196 1154 1257 1174 uon
1289 1152 1556 1183 supervacaneum

287 1202 334 1229 est
359 1198 524 1237 inquirere,
552 1208 622 1227 num
645 1197 725 1228 liber
749 1197 822 1237 περὶ
845 1194 943 1236 ἀέρων
969 1195 1090 1227 ὑδάτων
1105 1196 1213 1227 τόπων
1229 1197 1372 1228 videatur
1388 1199 1461 1233 tum7
1487 1205 1556 1226 cum

287 1252 362 1282 illud
387 1255 507 1282 zetema
531 1260 570 1281 ex
595 1260 631 1281 eo
658 1250 831 1281 derivatum
864 1250 912 1287 sit,
947 1250 1078 1281 eandem
1111 1250 1257 1280 habuisse
1291 1250 1431 1288 formam,
1465 1257 1557 1287 quam

286 1308 392 1335 nostra
409 1308 513 1334 aetate
532 1303 685 1344 praebent
708 1303 780 1333 libri
804 1303 1017 1343 manuscripti.
1047 1307 1142 1342 atquc
1167 1303 1275 1333 mirum
1299 1312 1374 1333 sane
1392 1304 1449 1339 est,
1475 1300 1557 1340 quod

287 1357 509 1398 praetermissa
533 1357 564 1387 in
590 1359 741 1387 zetemate
767 1359 813 1387 est
837 1366 875 1387 ca
900 1367 983 1396 pars,
1017 1366 1098 1395 quae
1131 1356 1278 1387 orationis
1303 1355 1385 1385 filum
1411 1354 1559 1394 quodam-

287 1410 378 1440 modo
411 1410 555 1440 videatur
585 1409 821 1449 interrumpere.
868 1419 938 1439 nam
976 1419 1043 1439 cum
1074 1413 1289 1449 exspectemus
1324 1408 1406 1448 apud
1440 1408 1559 1448 Hippo-

287 1466 404 1494 cratem
429 1466 501 1503 post
525 1463 620 1492 verba
644 1461 700 1503 τήν
724 1473 761 1492 τε
785 1462 844 1503 γὰρ
876 1460 974 1503 ἀρχὴν
998 1460 1014 1491 ὁ
1040 1460 1125 1503 ἥλιος
1158 1459 1263 1501 ἀνάγει
1296 1461 1349 1491 καὶ
1380 1458 1557 1500 ἀναρπάζει

287 1519 341 1546 τοῦ
368 1514 482 1551 {suffrag
505 1514 541 1545 τό
565 1526 598 1545 τε
621 1514 815 1545 λεπτόταιων
839 1515 892 1544 καὶ
916 1514 1114 1555 κοινφόιυτον
1131 1518 1278 1545 secutura
1295 1524 1364 1545 esse
1382 1513 1461 1544 talia
1477 1514 1556 1543 fere:

288 1569 338 1599 καὶ
356 1567 485 1598 ἐπτειὸὶέν
502 1566 698 1608 ὐναρπ(ῑσέ)ῇ
716 1568 765 1597 καὶ.
781 1571 979 1609 μετεωρισθῇ
1004 1568 1076 1605 κτλὟ
1101 1568 1287 1607 interposita
1305 1570 1352 1598 est
1369 1566 1445 1597 satis
1461 1566 1557 1606 longa

288 1622 470 1662 disputatio,
494 1621 580 1651 cuius
596 1621 665 1652 finis
692 1620 753 1660 (διὰ
778 1622 878 1651 ’ταῦτα
903 1620 934 1650 δὲ
958 1621 1010 1651 καὶ.
1035 1619 1166 1662 σήπεται
1192 1623 1253 1650 miv
1279 1616 1400 1650 ὑδάτων
1423 1618 1559 1657 τάχιστα

287 1677 389 1704 ταῦτα
415 1674 466 1704 καὶ
492 1672 587 1715 ὀδμὴν
612 1673 690 1712 ἴσχει
717 1674 852 1715 πυνῃρήν
868 1673 904 1704 τὸ
921 1672 1059 1714 ὄμβριον,
1084 1672 1131 1704 ὅτι
1149 1671 1216 1703 (ἔπι)
1233 1673 1391 1703 πλείστων
1410 1676 1557 1713 συνῆκται

287 1727 339 1757 καὶ
374 1730 613 1766 σιψμέμεικῑαι,
653 1726 733 1757 ὥστε
766 1726 932 1768 σήπεσθαι
967 1726 1117 1765 τάχιστα)
1161 1727 1250 1765 quasi
1290 1725 1451 1756 adnotatio
1487 1734 1559 1755 esse

287 1780 419 1819 videtur,
445 1790 507 1819 qua
526 1780 620 1810 totius
638 1780 749 1820 eapitis
767 1780 925 1810 conclusio
943 1780 1127 1810 illustretur:
1151 1780 1250 1808 ταῦτα
1267 1782 1323 1818 μέν
1339 1776 1422 1809 ἐστιν
1446 1776 1558 1818 ἄριστα

289 1833 367 1863 κατὰ
398 1833 429 1863 τὸ
453 1831 544 1869 εἰκός,
593 1832 693 1863 &sirm
718 1832 748 1862 δὲ
782 1830 976 1872 ἀφέψεσθαι,
1005 1832 1055 1862 καὶ
1089 1830 1332 1872 ἀποσήπεσθαι·
1380 1829 1406 1861 εἰ
1439 1829 1471 1860 δὲ
1502 1828 1558 1870 μή,

288 1884 388 1926 ὐόμήν
423 1884 506 1924 ἴσχει
542 1885 677 1927 πονηρὴν
712 1886 762 1915 καὶ
798 1884 934 1926 βράγχος
968 1885 1019 1915 καὶ
1056 1888 1147 1926 βῆχες
1181 1885 1231 1914 καὶ
1272 1885 1455 1924 βαρυφωνίη
1492 1888 1560 1919 τοῖς

290 1940 415 1968 πίνοι-σι
453 1941 674 1979 προσίσταται.
723 1949 802 1977 qnae
833 1949 899 1969 cnm
925 1939 969 1969 ita
993 1939 1061 1977 sint,
1090 1938 1257 1978 permirum
1291 1939 1346 1975 est,
1381 1936 1463 1975 quod
1497 1935 1558 1966 duo

289 1992 343 2022 illa
368 1992 538 2029 enuntiata7
572 2002 652 2031 quae
686 1992 716 2022 in
742 1991 959 2022 Kuehleweini
994 1991 1130 2021 editione
1163 2000 1265 2031 paene
1296 1989 1390 2020 totius
1421 1988 1560 2029 paginae

289 2044 391 2085 spatio
418 2044 610 2081 dirimuntur,
644 2044 674 2074 in
700 2044 866 2085 Porphyrii
891 2044 1075 2083 quaestione
1104 2047 1174 2073 sunt
1205 2046 1269 2073 tam
1303 2046 1369 2073 arte
1403 2041 1560 2081 copulata,

289 2101 320 2127 nt
338 2098 426 2128 unius
445 2098 595 2127 enuntiati
613 2097 725 2128 finibus
744 2097 1046 2127 circumscribantur.
1073 2097 1178 2135 itaque
1196 2096 1328 2126 fortasse
1346 2105 1405 2125 non
1421 2094 1559 2125 absurda

289 2153 336 2181 est
361 2151 497 2190 suspicio
516 2150 722 2190 Porphyriani
749 2150 857 2179 scholii
884 2153 1041 2180 auctorem
1068 2150 1097 2179 in
1123 2149 1266 2189 exemplo
1288 2158 1342 2179 suo
1360 2148 1494 2178 nondum
1512 2147 1559 2177 in-

289 2204 414 2234 venisse
439 2203 502 2238 illa,
529 2203 639 2242 quihus
665 2203 857 2243 interpositis
881 2202 1007 2233 turbata
1032 2202 1071 2232 sit
1096 2202 1178 2242 apud
1198 2201 1421 2241 Hippocratem
1446 2200 1559 2231 oratio.
