1697 2530
774 204 792 214 a

154 290 207 320 καὶ
234 287 410 331 ἄνοιὸήσεις
436 292 487 330 τῆς
513 286 634 329 &primo
658 291 716 329 γῆς
738 288 962 328 Λιιενεωρίζουσι
988 287 1040 318 καὶ
1064 288 1118 330 τὴν
1142 286 1321 323 θάλατταν,
1347 286 1379 318 αἱ
1401 288 1431 317 di

154 341 373 384 συνιζήσεις
419 344 623 372 ταπεινοῦσιν
670 339 774 383 αὐτήν.
823 340 859 372 οὐ
894 341 955 382 γάρ
990 340 1100 381 μί’ὁροι
1137 340 1193 380 μὲν
1227 338 1434 382 ἀνενεχθῆναι,

154 395 302 427 (levarim
335 395 387 426 καὶ
418 395 527 436 μικραὶ
563 399 657 436 νῆσοι,
689 394 825 435 μεγάλαι
860 392 943 425 ()”ι)ι’.ῗ·
984 393 1056 425 σι’-δὲ
1092 394 1177 436 νῆσοι
1207 396 1274 433 μέν,
1306 393 1432 435 ἤπειροι

154 447 238 480 δὀὔ·
272 447 387 488 ὁμοίως
415 448 448 479 δὲ
479 448 532 479 καὶ
564 447 776 490 συνιζήσεις
800 448 851 478 καὶ
875 448 985 489 μικραὶ
1009 447 1062 478 καὶ
1085 446 1220 487 μεγάλαι
1244 445 1372 488 γένοιντ’
1396 446 1435 477 ἄν

154 502 218 533 κτλ.
266 502 332 533 iure
377 502 458 533 enim
503 502 579 533 llaec
625 501 665 532 ad
703 501 905 532 Posidonium
942 501 1064 532 rettulit
1105 501 1142 532 G.
1178 502 1215 532 D.
1252 501 1368 541 Ohling
1403 501 1434 531 in

155 555 403 593 Quaestionibus
428 555 648 586 Posidonianis
681 565 717 585 ex
751 556 907 586 Strabone
941 554 1084 585 collectis
1118 554 1213 593 (Diss.
1239 554 1323 585 Gott.
1351 555 1434 586 1908

155 620 182 650 p.
201 610 268 650 36).
305 608 429 640 aceedit
466 607 618 650 [Aristotl
655 607 694 639 de
731 607 847 638 mundo
883 618 908 638 c.
933 609 952 638 4
988 608 1050 637 ἰῶν
1085 608 1118 637 ὸὲ
1152 610 1287 646 σεισμῶν
1319 606 1349 638 οἱ
1380 607 1436 646 μὲν

156 661 326 703 συνιζήσεις
350 660 517 697 ποιωῦιίἐς
540 659 586 696 εἰς
612 659 648 690 τὰ
673 658 856 698 κοιλώματα
874 660 1050 698 χιισματίαι
1067 659 1221 698 λέγονται.
1261 670 1300 690 ne
1322 659 1434 690 multa:

156 715 303 755 quoniam
331 714 490 745 Posidonii
515 713 595 744 hane
622 713 795 744 doctrinam
821 713 982 754 propriam
1007 713 1103 743 fuisse
1129 716 1254 744 constat
1271 713 1321 751 (cf.
1340 712 1433 743 etiam

159 769 306 799 Sudhaus
323 769 426 799 Aetna
444 778 472 808 p.
491 769 602 804 59ss.l‚
626 766 787 797 Posidonii
806 771 912 797 aetate
930 766 1109 797 inferiorem
1126 766 1223 797 fuisse
1242 769 1330 806 patet
1354 775 1434 799 eum,

156 822 209 862 qni
235 822 314 852 lianc
340 821 526 852 Hesiodeae
552 820 758 859 Theogoniae
784 819 1075 860 interpretationem
1101 819 1252 850 condidit.

244 874 308 906 Sed
343 879 377 905 ut
408 873 534 905 redeam
567 873 607 904 ad
632 873 835 911 Heraclitumy
866 873 944 903 satis
970 872 1203 904 demonstrasse
1228 872 1304 903 mihi
1328 872 1436 903 videor

156 928 252 959 aliam
278 927 472 959 intercedere
504 926 658 957 rationem
688 926 769 957 inter
794 935 832 957 ea
856 926 1009 957 Heracliti
1035 929 1066 956 et
1090 926 1221 957 Cornuti
1246 927 1434 967 interpreta-

156 986 271 1020 menta,
304 991 383 1020 quae
417 980 448 1011 in
473 980 664 1019 theogoniae
688 980 963 1020 interpretatione,
998 979 1095 1010 aliam
1119 979 1201 1011 inter
1224 989 1273 1018 ea⁷
1298 989 1380 1019 quae
1404 980 1435 1010 in

156 1035 270 1066 ceteris
295 1034 452 1075 capitibus
469 1033 624 1064 Cornutus
646 1033 747 1064 affert.
783 1036 878 1073 atque
903 1033 1013 1063 horum
1039 1033 1165 1072 quidem
1189 1033 1306 1063 fontem
1331 1033 1434 1074 ipsum

156 1087 381 1128 Apollodorum
399 1097 469 1118 esse
487 1087 553 1118 veri
569 1096 630 1117 non
648 1086 800 1117 dissimile
817 1086 950 1125 videtur,
975 1086 1230 1126 quandoquidem
1247 1086 1308 1117 tria
1324 1086 1435 1117 saltem

156 1150 195 1171 ex
227 1140 284 1171 hoc
315 1149 445 1171 numero
478 1139 584 1180 capita
616 1139 657 1170 ad
691 1139 920 1180 Apollodorum
956 1150 1017 1170 non
1049 1139 1302 1180 improbabiliter
1334 1140 1436 1170 relata

155 1196 227 1224 sunt
256 1203 274 1224 a
299 1193 374 1224 viris
399 1193 510 1224 doctis:
546 1192 620 1223 Her.
653 1202 677 1223 c.
705 1194 744 1224 74
763 1208 803 1219 z
822 1193 912 1223 Corn.
935 1203 963 1233 p.
988 1194 1037 1232 74,
1054 1194 1093 1224 21
1120 1194 1160 1223 ab
1185 1193 1218 1223 E.
1244 1192 1435 1224 Schwartzio

155 1247 220 1277 Pw
245 1257 272 1287 p.
299 1247 398 1288 2873;
431 1246 503 1277 Her.
530 1257 554 1277 c.
581 1246 620 1277 72
640 1261 681 1272 z
701 1246 793 1276 Corn.
828 1257 857 1287 p.
882 1248 989 1285 20,15
1020 1249 1052 1277 et
1076 1246 1148 1277 Her.
1178 1256 1203 1277 c.
1225 1247 1266 1277 69
1284 1261 1325 1272 Ξ
1344 1246 1436 1276 Corn.

156 1311 186 1341 p.
205 1301 257 1337 34,
274 1301 312 1331 12
338 1301 377 1330 ab
397 1299 428 1330 E.
454 1299 667 1330 Hefermehlio
694 1299 712 1330 l.
738 1299 756 1330 l.
782 1311 810 1340 p.
829 1300 869 1331 36
895 1303 926 1330 et
952 1310 979 1340 p.
998 1300 1038 1330 23
1065 1299 1136 1330 adn.
1165 1301 1214 1330 19.

246 1353 359 1384 Verum
386 1352 424 1384 de
449 1352 641 1393 Apollodoro
671 1353 798 1392 quidem
831 1353 912 1383 infra
946 1353 1038 1383 latior
1071 1353 1130 1384 erit
1160 1353 1257 1384 locus.
1304 1352 1365 1383 iam
1399 1353 1436 1383 de

158 1407 258 1438 Probo
284 1409 454 1447 personato
480 1409 511 1437 et
539 1406 634 1437 Sexto
660 1406 818 1447 Empirieo
852 1410 978 1447 oportet
1004 1406 1115 1447 paucis
1150 1406 1353 1446 explicemus.
1400 1416 1436 1437 ac

157 1459 195 1491 de
222 1460 324 1490 Probo
350 1460 474 1499 quidem
499 1463 584 1490 reete
609 1460 794 1500 exposuisse
828 1460 906 1490 mihi
937 1459 1061 1490 videtur
1085 1459 1122 1490 G.
1146 1459 1238 1490 Thilo
1268 1459 1299 1490 in
1324 1459 1437 1490 Annal.

156 1513 231 1554 phil.
257 1512 385 1543 CXLIX
409 1523 439 1553 p.
456 1514 568 1543 42lss.
601 1523 749 1553 magnum
782 1512 860 1543 illud
885 1518 915 1544 et
940 1513 1064 1544 doctum
1090 1513 1254 1551 scholium,
1290 1513 1370 1552 quod
1397 1513 1437 1543 ad

158 1566 231 1597 Bne.
260 1566 312 1606 vl,
336 1568 374 1597 31
410 1565 601 1606 adscriptum
637 1569 693 1605 est,
727 1566 894 1597 conflatum
926 1576 996 1597 esse
1030 1576 1047 1597 e
1079 1566 1266 1598 tractatibus
1305 1566 1436 1605 duobus,

157 1620 257 1650 altero
282 1619 437 1659 cingente,
462 1619 563 1650 cincto
582 1619 689 1650 altero.
723 1623 817 1659 atque
843 1620 873 1650 in
899 1630 936 1650 eo
962 1620 1097 1659 quidem,
1123 1620 1175 1659 qui
1198 1619 1353 1659 cingatur,
1382 1619 1437 1650 im—

158 1672 291 1713 pugnari
305 1673 458 1712 Asperum
477 1672 725 1712 grammaticum,
745 1672 828 1712 qnod
848 1683 915 1704 cum
929 1672 1088 1712 Vergilius
1102 1676 1234 1712 quatuor
1251 1682 1436 1704 enumerare

157 1725 314 1757 elementa
351 1725 463 1766 soleat⁷
501 1726 539 1756 de
577 1726 678 1756 tribus
717 1729 838 1756 tantum
875 1726 1072 1765 cogitaverit.
1128 1736 1222 1766 quam
1257 1727 1436 1767 opinionem

157 1778 271 1809 falsam
307 1788 377 1809 esse
412 1783 445 1810 ut
481 1782 645 1820 appareat,
685 1789 754 1810 enm
791 1779 855 1810 alia
889 1783 1077 1819 argumenta
1112 1779 1338 1818 conquiruntur
1372 1783 1436 1810 tum

157 1832 285 1863 Homeri
302 1842 426 1872 quoque
444 1832 723 1873 interpretationes
741 1832 943 1872 allegoricae,
969 1842 1049 1872 quae
1075 1836 1106 1863 et
1130 1832 1171 1863 ad
1188 1832 1381 1864 Heraclitum
1406 1836 1438 1863 et

157 1885 198 1916 ad
222 1885 424 1917 Plutarchum
455 1896 537 1926 pers.
568 1886 710 1926 proxime
742 1885 895 1916 accedunt
927 1886 968 1926 (p.
987 1887 1061 1926 342,
1077 1887 1143 1917 7ss.
1174 1886 1285 1926 Hagen
1303 1901 1344 1912 z
1362 1886 1436 1917 Her.

157 1948 184 1970 c.
203 1941 255 1978 40,
280 1939 359 1970 Plut.
385 1949 408 1970 c.
427 1940 483 1978 97;
509 1950 538 1980 p.
556 1940 619 1970 338
644 1939 757 1979 Hagen
772 1955 810 1965 =
830 1939 902 1970 Her.
929 1950 954 1972 c.
973 1940 1014 1970 43
1040 1950 1068 1980 p.
1086 1939 1151 1980 65).

246 1992 354 2023 Altero
380 2002 470 2032 quem
497 1993 561 2023 dixi
587 1993 617 2023 in
642 1996 779 2023 tractatu
804 2002 872 2023 cum
898 1993 936 2023 de
954 1992 1025 2023 aliis
1050 1993 1236 2032 quibusdam
1260 1992 1354 2023 rebus
1376 1992 1438 2023 dis-

158 2047 293 2086 putatur,
326 2049 390 2076 tum
415 2049 446 2076 et
470 2049 634 2086 poetarum
668 2050 872 2076 recensentur
904 2048 935 2076 et
966 2045 1225 2086 philosophorum
1257 2046 1365 2077 variae
1399 2046 1436 2076 de

159 2099 321 2140 principiis
346 2099 533 2135 sententiae,
564 2109 694 2139 quarum
719 2099 876 2139 expositio
902 2099 1044 2138 quamvis
1069 2099 1199 2130 alterius
1223 2099 1322 2139 partis
1347 2109 1437 2139 argu-

158 2156 263 2183 mento
288 2152 434 2183 videatur
457 2152 578 2191 similis,
603 2156 709 2184 tamen
734 2153 773 2183 ab
799 2152 852 2183 illo
879 2152 1005 2192 quidem
1031 2156 1216 2192 argumento
1241 2152 1437 2192 seiungenda

159 2208 206 2236 est
230 2209 339 2246 utpote
364 2216 402 2237 ex
420 2205 482 2236 alio
501 2206 698 2246 diversoque,
724 2209 756 2236 ut
774 2206 906 2243 videtur,
932 2206 1016 2236 fonte
1038 2205 1190 2243 derivata⁷
1217 2205 1438 2245 coniungenda
