1697 2530
758 168 816 197 101

237 275 286 305 De
310 273 478 314 Porphyrii
503 273 577 314 περὶ
600 270 797 313 (ἷγαλμάτων
829 272 910 303 111110
944 272 1023 303 haec
1054 270 1223 302 sufficiant.
1270 270 1332 301 iam
1357 274 1428 311 post

149 332 195 359 tot
230 327 356 359 detecta
391 326 476 368 apud
511 326 723 367 Porphyrium
759 325 943 367 Apollodori
980 325 1116 365 vestigia
1154 324 1257 355 minus
1291 324 1427 355 fortasse

147 381 322 420 miraberis,
338 381 363 412 si
377 380 516 412 audieris
533 390 582 411 me
596 379 785 411 contendere
799 389 838 410 ne
849 379 879 410 in
894 378 1046 409 Macrobii
1064 377 1190 417 quidem
1204 377 1330 408 doctam
1340 377 1427 408 illam

128 434 187 479 >dc
212 434 340 465 deorum
365 433 633 476 appellationibus
658 432 697 464 ad
722 432 820 463 solem
844 431 1018 463 referendis
1036 431 1280 472 disputationem
1298 430 1426 471 Apollo—

136 480 248 519 'dorea
271 488 336 518 alia
364 487 416 518 via
433 496 526 527 quam
545 497 582 518 ex
600 486 706 526 aliquo
723 485 893 527 Porphyrii
910 494 1006 525 opere
1023 483 1192 515 influxisse.
1239 493 1428 523 quamquam

149 551 212 572 non
236 551 302 572 sum
328 540 453 572 nescius
486 540 552 571 fere
585 540 678 570 aliter
708 539 825 570 sentire
850 538 933 570 viros
966 538 1084 569 doctos.
1132 547 1262 576 quorum
1294 537 1428 578 primum

150 598 260 626 contra
285 604 340 625 eos
365 593 441 624 mihi
466 593 697 634 disputandum,
731 592 786 631 qui
808 591 935 623 fluxisse
960 592 991 622 in
1016 591 1097 622 hanc
1123 590 1428 630 argumentationem

150 648 286 688 plurima
311 647 491 678 existimant
516 656 554 677 ex
579 646 716 677 fontibus
740 644 886 685 latinis1).
934 648 1028 684 atque
1054 653 1093 675 ea
1117 643 1253 683 quidem,
1286 653 1367 683 quae
1391 643 1430 674 (10

152 701 295 732 ludorum
331 700 562 741 Apollinarium
598 699 720 739 origine
755 699 769 729 I
806 699 856 737 17,
893 699 1024 729 24—30
1060 700 1237 736 narrantur,
1275 696 1431 728 emblema

151 755 278 786 aliunde
302 755 451 784 insertum
477 763 548 784 essc
572 756 658 783 recte
676 753 736 783 iam
754 752 912 783 Wissowa
936 751 1054 781 monuit
1070 751 1102 781 in
1119 750 1342 781 dissertatione
1363 750 1430 789 „De

152 807 305 839 Macrobii
326 807 483 838 fontibus“
510 805 692 847 (Vratislav.
716 806 822 845 1880).
863 805 945 836 idem
968 814 1044 835 vero
1070 803 1145 834 mihi
1171 803 1285 835 cadere
1306 803 1430 835 videtur

154 862 247 892 ctiam
270 861 301 892 in
318 860 469 891 Varronis
486 859 598 890 Granii
614 858 720 890 Flacci
738 858 876 889 Cornelii
894 858 1053 889 Labeonis
1075 857 1256 888 memoriam
1274 857 1372 898 capiti
1390 858 1429 888 18

152 915 312 946 insertam.
360 923 440 953 quae
474 913 557 944 unde
590 913 649 943 huc
674 913 829 943 translata
858 912 907 951 sit,
944 921 1006 942 non
1041 911 1100 942 tibi
1135 911 1263 941 dubium
1300 910 1368 948 erit⁷
1405 910 1431 940 si

152 968 328 1008 inspexeris
352 967 505 998 Macrobii
530 966 547 996 l.
570 967 594 996 V
618 976 686 1006 cap.
707 967 756 1004 18,
778 967 809 997 1:
840 965 917 1005 „fuit
942 965 1024 995 enim
1048 964 1098 995 hic
1122 968 1219 1005 poeta
1247 963 1432 1005 (Vergilius)

153 1026 186 1052 ut
210 1020 395 1061 scrupulose
420 1023 451 1051 et
475 1020 567 1051 anxie
593 1019 638 1050 ita
663 1018 898 1049 dissimulanter
922 1021 952 1049 et
977 1017 1119 1049 clanculo
1144 1017 1255 1048 doetus
1279 1020 1313 1048 ut
1336 1017 1433 1048 multa

155 1074 350 1105 transtulerit
374 1084 455 1113 quae
480 1072 562 1104 unde
587 1073 742 1104 translata
766 1072 828 1103 sint
852 1071 978 1103 difficile
1007 1071 1047 1102 sit
1064 1071 1200 1111 cognitu.
1247 1071 1277 1101 in
1303 1070 1432 1102 exordio

154 1127 382 1168 Georgicorum
407 1126 514 1168 posuit
538 1126 594 1157 hos
618 1136 743 1157 versus:

366 1179 462 1210 Liber
487 1183 517 1210 et
542 1179 626 1210 alma
651 1178 756 1218 60100,
782 1181 887 1209 vestro
913 1178 939 1208 si
964 1187 1094 1209 munere
1119 1177 1212 1208 tellus

367 1232 538 1264 Chaoniam
564 1232 674 1273 pingui
698 1231 844 1272 glandem
871 1231 1004 1262 mutavit
1028 1231 1134 1266 arista,

367 1286 546 1327 poculaque
570 1286 706 1317 inventis
731 1285 886 1316 Acheloia
909 1284 1033 1315 miscuit
1057 1284 1135 1315 uvis.

155 1340 232 1371 nihil
255 1341 288 1371 in
311 1340 360 1371 his
383 1340 527 1371 versibus
552 1339 827 1380 grammaticorum
861 1338 975 1369 cohors
1007 1337 1168 1378 discipulis
1202 1336 1266 1368 suis
1298 1336 1434 1377 amplius

156 1394 286 1425 tradidit
309 1393 370 1424 nisi
394 1393 472 1424 illud
498 1403 597 1434 opera
621 1392 744 1423 Cereris
763 1392 906 1423 effectum
924 1395 958 1422 ut
974 1391 1116 1422 homines
1141 1391 1180 1421 ab
1198 1390 1328 1429 antiquo
1353 1390 1436 1421 victu

157 1447 345 1478 desisterent
370 1450 400 1478 et
425 1447 580 1477 frumento
611 1456 667 1486 pro
692 1445 860 1486 glandibus
884 1448 1052 1483 uterentur,
1085 1444 1233 1475 Liberum
1257 1453 1331 1475 vero
1364 1443 1437 1474 vitis

156 1504 350 1542 repertorem
376 1500 573 1540 praestitisse
605 1500 740 1530 humano
770 1499 857 1539 potui
890 1498 996 1529 viuum
1021 1498 1070 1529 cui
1093 1507 1178 1538 aqua
1201 1497 1436 1528 admisceretur.

157 1564 214 1586 cur
237 1557 342 1585 autem
359 1552 529 1584 Acheloum
555 1562 679 1583 amnem
703 1552 900 1593 potissimum
917 1551 1084 1591 Vergilius,
1110 1561 1180 1582 cum
1203 1560 1318 1590 aquam
1342 1549 1438 1581 vellet

157 1607 309 1647 intellegi,
344 1607 511 1638 nominarit
535 1616 627 1637 nemo
652 1607 702 1637 vel
738 1606 863 1646 quaerit
897 1605 947 1637 vel
984 1605 1111 1636 omnino
1148 1605 1278 1636 subesse
1317 1603 1438 1643 aliquid

159 1660 343 1692 eruditionis
375 1660 562 1701 suspicatur.
606 1669 662 1691 nos
694 1660 725 1690 id
758 1659 852 1690 altius
883 1659 1013 1690 scrutati
1045 1657 1324 1689 animadvertimus
1358 1658 1435 1687 etc.“

250 1758 270 1791 ¹)
290 1756 332 1783 Cf.
353 1756 549 1788 Reitzenstein,
571 1756 644 1783 chi
662 1756 1008 1790 religionsgeschichtliche
1028 1755 1137 1789 Fragen
1158 1754 1249 1787 (1901)
1268 1762 1293 1787 p.
1313 1754 1359 1779 80:
1392 1753 1439 1786 „In

160 1801 219 1828 (10111
240 1802 353 1828 iiusserst
372 1801 569 1828 interessnnten
589 1801 645 1827 und
664 1800 813 1834 wichtigen
827 1801 912 1827 Stiick
926 1800 1046 1826 macrob.
1062 1798 1075 1824 I
1092 1800 1132 1830 17,
1144 1799 1240 1831 ’.ἒ-23,
1251 1799 1284 1825 ’22
1299 1798 1358 1825 sind
1372 1797 1439 1824 zwei

158 1846 299 1872 Elemente
319 1854 353 1872 zu
372 1846 508 1872 scheiden:
529 1846 573 1872 ein
592 1846 671 1878 alter,
691 1845 726 1871 im
747 1845 938 1872 wesentlichen
958 1844 1090 1871 stoischer
1109 1845 1196 1876 Kern,
1225 1845 1272 1870 der
1291 1843 1440 1869 erlesenste

159 1890 250 1916 Zitate
270 1898 319 1916 aus
338 1890 386 1916 der
399 1891 504 1917 alteren
519 1890 708 1924 griechischen
722 1890 865 1916 Literatur
879 1889 928 1915 mit
942 1890 1023 1915 kaum
1038 1889 1142 1915 miuder
1155 1888 1276 1915 seltenen
1288 1887 1440 1913 romischen

159 1934 292 1968 Angaben
305 1934 447 1961 verbindet
461 1956 466 1961 .
481 1956 486 1961 .
502 1954 507 1960 .
521 1935 576 1961 und
595 1935 642 1962 der
655 1935 727 1960 wohl
748 1935 795 1961 aut
815 1934 866 1960 den
886 1934 954 1960 auch
974 1942 1025 1960 von
1039 1933 1152 1960 Verrius
1170 1933 1318 1959 benutzten
1332 1931 1442 1958 Stoiker

160 1978 328 2011 Cornificius,
348 1979 399 2006 den
415 1980 548 2013 jiingsten
568 1980 726 2006 (ει-1101111100
740 1979 838 2012 Autor,
858 1979 1039 2012 zuriickgeht,
1058 1978 1113 2004 und
1133 1977 1200 2011 eine,
1220 1977 1350 2010 iibrigens
1363 1976 1440 2003 eben-

160 2022 224 2048 falls
242 2023 385 2057 treffliche,
411 2024 633 2058 {igyptisierende
653 2024 842 2057 Ausffihrung,
866 2023 893 2049 in
912 2023 960 2050 der
981 2022 1079 2053 Plotio,
1101 2022 1255 2053 Numenios,
1276 2020 1442 2054 Porphyrios

161 2066 216 2092 und
230 2067 369 2094 cornelius
389 2068 478 2095 Labeo
498 2069 623 2095 erwahnt
642 2068 761 2099 werden;
783 2067 1005 2094 wahrseheinlich
1026 2070 1138 2093 stammt
1158 2066 1227 2092 anch
1245 2066 1283 2092 sie
1297 2066 1379 2092 sehon
1393 2072 1442 2091 aus

161 2111 236 2138 einer
263 2111 344 2138 sehon
372 2112 551 2139 lateinischen
579 2113 697 2146 Quelle.“
736 2112 875 2139 Frederici
904 2111 1050 2146 Niggetiet
1072 2111 1127 2144 „De
1148 2110 1273 2137 Cornelio
1298 2110 1438 2136 Labeone“

162 2155 381 2183 dissertationem
401 2157 540 2190 (Miinster
559 2158 598 2184 19⁴
612 2158 639 2190 S)
658 2157 710 2184 nisi
730 2165 763 2183 ex
776 2156 920 2183 Tolkiehui
940 2156 1095 2183 recensione
1116 2154 1318 2189 (Wochenschr.
1329 2153 1347 2180 f.
1359 2154 1441 2180 klassi

163 2199 261 2226 Philol.
283 2200 351 2226 19o8
369 2209 395 2234 p.
409 2201 471 2234 432)
490 2210 544 2228 uon
563 2202 635 2228 novi.
