<?xml version="1.0" encoding="UTF-8"?>
<!DOCTYPE html PUBLIC "-//W3C//DTD XHTML 1.0 Transitional//EN"
    "http://www.w3.org/TR/xhtml1/DTD/xhtml1-transitional.dtd">
<html xmlns="http://www.w3.org/1999/xhtml" xml:lang="en" lang="en">
 <head>
  <title>
</title>
<meta http-equiv="Content-Type" content="text/html;charset=utf-8" />
  <meta name='ocr-system' content='tesseract 3.04.00' />
  <meta name='ocr-capabilities' content='ocr_page ocr_carea ocr_par ocr_line ocrx_word'/>
</head>
<body>
  <div class='ocr_page' id='page_1' title='image "./degraecorumtheol00reinuoft_0090.png"; bbox 0 0 1697 2530; ppageno 0'>
   <div class='ocr_carea' id='block_1_1' title="bbox 304 142 1586 1506">
    <p class='ocr_par' dir='ltr' id='par_1_1' title="bbox 920 142 961 173">
     <span class='ocr_line' id='line_1_1' title="bbox 920 142 961 173; baseline -0.024 0"><span class='ocrx_word' id='word_1_1' title='bbox 920 142 961 173; x_wconf 88' lang='lat'>80</span> 
     </span>
    </p>

    <p class='ocr_par' dir='ltr' id='par_1_2' title="bbox 304 243 1586 1506">
     <span class='ocr_line' id='line_1_2' title="bbox 304 243 1577 288; baseline -0.004 -9"><span class='ocrx_word' id='word_1_2' title='bbox 304 258 404 288; x_wconf 86' lang='lat' dir='ltr'>regno</span> <span class='ocrx_word' id='word_1_3' title='bbox 421 247 504 279; x_wconf 88' lang='lat' dir='ltr'>aeris</span> <span class='ocrx_word' id='word_1_4' title='bbox 529 250 560 278; x_wconf 84' lang='lat' dir='ltr'>et</span> <span class='ocrx_word' id='word_1_5' title='bbox 582 247 686 285; x_wconf 86' lang='lat' dir='ltr'>lunae,</span> <span class='ocrx_word' id='word_1_6' title='bbox 710 246 824 286; x_wconf 85' lang='lat' dir='ltr'>quibus</span> <span class='ocrx_word' id='word_1_7' title='bbox 849 246 1013 277; x_wconf 85' lang='lat' dir='ltr'>elementis</span> <span class='ocrx_word' id='word_1_8' title='bbox 1034 256 1054 277; x_wconf 90' lang='lat' dir='ltr'>a</span> <span class='ocrx_word' id='word_1_9' title='bbox 1073 248 1186 277; x_wconf 84' lang='lat' dir='ltr'>natura</span> <span class='ocrx_word' id='word_1_10' title='bbox 1205 245 1412 277; x_wconf 78' lang='lat' dir='ltr'>contrarietas</span> <span class='ocrx_word' id='word_1_11' title='bbox 1433 247 1464 275; x_wconf 85' lang='lat' dir='ltr'>et</span> <span class='ocrx_word' id='word_1_12' title='bbox 1484 243 1577 283; x_wconf 79' lang='lat' dir='ltr'>quasi</span> 
     </span>
     <span class='ocr_line' id='line_1_3' title="bbox 305 298 1578 342; baseline -0.004 -10"><span class='ocrx_word' id='word_1_13' title='bbox 305 311 412 342; x_wconf 82' lang='lat' dir='ltr'>pugna</span> <span class='ocrx_word' id='word_1_14' title='bbox 429 303 513 331; x_wconf 88' lang='lat' dir='ltr'>esset</span> <span class='ocrx_word' id='word_1_15' title='bbox 529 310 597 331; x_wconf 91' lang='lat' dir='ltr'>cum</span> <span class='ocrx_word' id='word_1_16' title='bbox 615 299 743 330; x_wconf 83' lang='lat' dir='ltr'><strong>aethere</strong></span> <span class='ocrx_word' id='word_1_17' title='bbox 761 302 792 330; x_wconf 91' lang='lat' dir='ltr'>et</span> <span class='ocrx_word' id='word_1_18' title='bbox 808 299 885 330; x_wconf 89' lang='lat' dir='ltr'>sole.</span> <span class='ocrx_word' id='word_1_19' title='bbox 908 298 956 329; x_wconf 87' lang='lat' dir='ltr'>his</span> <span class='ocrx_word' id='word_1_20' title='bbox 973 299 1123 330; x_wconf 89' lang='lat' dir='ltr'>subiectis</span> <span class='ocrx_word' id='word_1_21' title='bbox 1141 299 1231 338; x_wconf 87' lang='lat' dir='ltr'>quasi</span> <span class='ocrx_word' id='word_1_22' title='bbox 1246 298 1457 329; x_wconf 77' lang='lat' dir='ltr'>fundamentis</span> <span class='ocrx_word' id='word_1_23' title='bbox 1481 306 1578 336; x_wconf 82' lang='lat' dir='ltr'>augu-</span> 
     </span>
     <span class='ocr_line' id='line_1_4' title="bbox 305 349 1579 392; baseline -0.004 -7"><span class='ocrx_word' id='word_1_24' title='bbox 305 353 370 385; x_wconf 87' lang='lat' dir='ltr'>rari</span> <span class='ocrx_word' id='word_1_25' title='bbox 386 353 461 384; x_wconf 87' lang='lat' dir='ltr'>licet</span> <span class='ocrx_word' id='word_1_26' title='bbox 485 363 577 392; x_wconf 88' lang='lat' dir='ltr'>quam</span> <span class='ocrx_word' id='word_1_27' title='bbox 601 356 809 383; x_wconf 84' lang='lat' dir='ltr'>monstrosum</span> <span class='ocrx_word' id='word_1_28' title='bbox 829 352 1027 382; x_wconf 82' lang='lat' dir='ltr'>Metrodorus</span> <span class='ocrx_word' id='word_1_29' title='bbox 1051 356 1082 382; x_wconf 84' lang='lat' dir='ltr'>et</span> <span class='ocrx_word' id='word_1_30' title='bbox 1102 356 1317 392; x_wconf 87' lang='lat' dir='ltr'>portentosum</span> <span class='ocrx_word' id='word_1_31' title='bbox 1334 349 1579 392; x_wconf 75' lang='lat' dir='ltr'>superstruxerit</span> 
     </span>
     <span class='ocr_line' id='line_1_5' title="bbox 306 402 1578 445; baseline -0.003 -8"><span class='ocrx_word' id='word_1_32' title='bbox 306 406 491 444; x_wconf 83' lang='lat' dir='ltr'>aedificium,</span> <span class='ocrx_word' id='word_1_33' title='bbox 515 406 611 436; x_wconf 87' lang='lat' dir='ltr'>variis</span> <span class='ocrx_word' id='word_1_34' title='bbox 635 405 765 436; x_wconf 90' lang='lat' dir='ltr'>heroum</span> <span class='ocrx_word' id='word_1_35' title='bbox 790 405 919 445; x_wconf 89' lang='lat' dir='ltr'>proeliis</span> <span class='ocrx_word' id='word_1_36' title='bbox 944 404 1103 445; x_wconf 85' lang='lat' dir='ltr'>accipiens</span> <span class='ocrx_word' id='word_1_37' title='bbox 1123 404 1216 435; x_wconf 89' lang='lat' dir='ltr'>modo</span> <span class='ocrx_word' id='word_1_38' title='bbox 1234 404 1308 435; x_wconf 88' lang='lat' dir='ltr'>anni</span> <span class='ocrx_word' id='word_1_39' title='bbox 1323 410 1467 444; x_wconf 86' lang='lat' dir='ltr'>tempora</span> <span class='ocrx_word' id='word_1_40' title='bbox 1483 402 1578 442; x_wconf 86' lang='lat' dir='ltr'>signi-</span> 
     </span>
     <span class='ocr_line' id='line_1_6' title="bbox 306 453 1577 497; baseline -0.004 -7"><span class='ocrx_word' id='word_1_41' title='bbox 306 459 393 490; x_wconf 87' lang='lat' dir='ltr'>ficari</span> <span class='ocrx_word' id='word_1_42' title='bbox 410 453 502 490; x_wconf 77' lang='lat' dir='ltr'>niodo</span> <span class='ocrx_word' id='word_1_43' title='bbox 519 458 656 489; x_wconf 87' lang='lat' dir='ltr'>siderum</span> <span class='ocrx_word' id='word_1_44' title='bbox 674 458 814 488; x_wconf 79' lang='lat' dir='ltr'>defectus</span> <span class='ocrx_word' id='word_1_45' title='bbox 830 458 924 488; x_wconf 88' lang='lat' dir='ltr'>modo</span> <span class='ocrx_word' id='word_1_46' title='bbox 939 457 1095 497; x_wconf 87' lang='lat' dir='ltr'>quaslibet</span> <span class='ocrx_word' id='word_1_47' title='bbox 1108 460 1212 487; x_wconf 89' lang='lat' dir='ltr'>terrae</span> <span class='ocrx_word' id='word_1_48' title='bbox 1226 456 1368 496; x_wconf 88' lang='lat' dir='ltr'>caelique</span> <span class='ocrx_word' id='word_1_49' title='bbox 1380 455 1577 487; x_wconf 86' lang='lat' dir='ltr'>mutationes.</span> 
     </span>
     <span class='ocr_line' id='line_1_7' title="bbox 307 508 1578 551; baseline -0.004 -8"><span class='ocrx_word' id='word_1_50' title='bbox 307 522 408 551; x_wconf 86' lang='lat' dir='ltr'>neque</span> <span class='ocrx_word' id='word_1_51' title='bbox 430 512 513 543; x_wconf 88' lang='lat' dir='ltr'>enim</span> <span class='ocrx_word' id='word_1_52' title='bbox 529 515 646 542; x_wconf 85' lang='lat' dir='ltr'>temere</span> <span class='ocrx_word' id='word_1_53' title='bbox 665 511 892 542; x_wconf 85' lang='lat' dir='ltr'>existimandus</span> <span class='ocrx_word' id='word_1_54' title='bbox 909 514 957 542; x_wconf 89' lang='lat' dir='ltr'>est</span> <span class='ocrx_word' id='word_1_55' title='bbox 973 520 1010 541; x_wconf 90' lang='lat' dir='ltr'>ac</span> <span class='ocrx_word' id='word_1_56' title='bbox 1027 510 1093 541; x_wconf 92' lang='lat' dir='ltr'>sine</span> <span class='ocrx_word' id='word_1_57' title='bbox 1110 509 1233 540; x_wconf 87' lang='lat' dir='ltr'>ratione</span> <span class='ocrx_word' id='word_1_58' title='bbox 1250 509 1415 550; x_wconf 81' lang='lat' dir='ltr'>copulasse</span> <span class='ocrx_word' id='word_1_59' title='bbox 1433 508 1578 539; x_wconf 85' lang='lat' dir='ltr'>Paridem</span> 
     </span>
     <span class='ocr_line' id='line_1_8' title="bbox 308 561 1579 604; baseline -0.004 -8"><span class='ocrx_word' id='word_1_60' title='bbox 308 575 378 596; x_wconf 87' lang='lat' dir='ltr'>cum</span> <span class='ocrx_word' id='word_1_61' title='bbox 414 565 559 603; x_wconf 80' lang='lat' dir='ltr'>Hectore,</span> <span class='ocrx_word' id='word_1_62' title='bbox 595 575 665 595; x_wconf 85' lang='lat' dir='ltr'>cum</span> <span class='ocrx_word' id='word_1_63' title='bbox 694 564 932 604; x_wconf 80' lang='lat' dir='ltr'>Agamemnone</span> <span class='ocrx_word' id='word_1_64' title='bbox 963 563 1127 602; x_wconf 83' lang='lat' dir='ltr'>Achillem,</span> <span class='ocrx_word' id='word_1_65' title='bbox 1163 572 1293 602; x_wconf 90' lang='lat' dir='ltr'>quorum</span> <span class='ocrx_word' id='word_1_66' title='bbox 1328 561 1452 600; x_wconf 79' lang='lat' dir='ltr'>utrique</span> <span class='ocrx_word' id='word_1_67' title='bbox 1486 561 1579 591; x_wconf 91' lang='lat' dir='ltr'>modo</span> 
     </span>
     <span class='ocr_line' id='line_1_9' title="bbox 308 612 1580 648; baseline -0.004 0"><span class='ocrx_word' id='word_1_68' title='bbox 308 617 467 648; x_wconf 79' lang='lat' dir='ltr'>discordia</span> <span class='ocrx_word' id='word_1_69' title='bbox 491 628 560 648; x_wconf 80' lang='lat' dir='ltr'>cuin</span> <span class='ocrx_word' id='word_1_70' title='bbox 585 617 684 648; x_wconf 85' lang='lat' dir='ltr'>altero</span> <span class='ocrx_word' id='word_1_71' title='bbox 710 617 801 648; x_wconf 91' lang='lat' dir='ltr'>modo</span> <span class='ocrx_word' id='word_1_72' title='bbox 826 616 1004 647; x_wconf 88' lang='lat' dir='ltr'>coniunctio</span> <span class='ocrx_word' id='word_1_73' title='bbox 1029 614 1195 646; x_wconf 82' lang='lat' dir='ltr'>intercedit</span> <span class='ocrx_word' id='word_1_74' title='bbox 1224 618 1255 645; x_wconf 87' lang='lat' dir='ltr'>et</span> <span class='ocrx_word' id='word_1_75' title='bbox 1278 613 1486 645; x_wconf 84' lang='lat' dir='ltr'>necessitudo.</span> <span class='ocrx_word' id='word_1_76' title='bbox 1524 612 1580 643; x_wconf 85' lang='lat' dir='ltr'>sed</span> 
     </span>
     <span class='ocr_line' id='line_1_10' title="bbox 307 665 1580 711; baseline -0.005 -10"><span class='ocrx_word' id='word_1_77' title='bbox 307 681 347 701; x_wconf 94' lang='lat' dir='ltr'>ne</span> <span class='ocrx_word' id='word_1_78' title='bbox 372 671 431 702; x_wconf 90' lang='lat' dir='ltr'>hoc</span> <span class='ocrx_word' id='word_1_79' title='bbox 455 670 581 710; x_wconf 75' lang='lat' dir='ltr'>quidem</span> <span class='ocrx_word' id='word_1_80' title='bbox 606 673 711 711; x_wconf 88' lang='lat' dir='ltr'>potest</span> <span class='ocrx_word' id='word_1_81' title='bbox 737 679 806 700; x_wconf 85' lang='lat' dir='ltr'>esse</span> <span class='ocrx_word' id='word_1_82' title='bbox 830 669 968 707; x_wconf 85' lang='lat' dir='ltr'>dubium,</span> <span class='ocrx_word' id='word_1_83' title='bbox 996 669 1068 708; x_wconf 87' lang='lat' dir='ltr'>quin</span> <span class='ocrx_word' id='word_1_84' title='bbox 1095 668 1155 699; x_wconf 83' lang='lat' dir='ltr'>uisi</span> <span class='ocrx_word' id='word_1_85' title='bbox 1176 668 1303 698; x_wconf 86' lang='lat' dir='ltr'>deorum</span> <span class='ocrx_word' id='word_1_86' title='bbox 1328 665 1580 698; x_wconf 78' lang='lat' dir='ltr'>contentionibus</span> 
     </span>
     <span class='ocr_line' id='line_1_11' title="bbox 309 719 1581 764; baseline -0.006 -9"><span class='ocrx_word' id='word_1_87' title='bbox 309 724 433 755; x_wconf 83' lang='lat' dir='ltr'>abunde</span> <span class='ocrx_word' id='word_1_88' title='bbox 458 729 530 754; x_wconf 85' lang='lat' dir='ltr'>ante</span> <span class='ocrx_word' id='word_1_89' title='bbox 555 723 755 764; x_wconf 84' lang='lat' dir='ltr'>pertractatis</span> <span class='ocrx_word' id='word_1_90' title='bbox 780 722 820 753; x_wconf 88' lang='lat' dir='ltr'>ad</span> <span class='ocrx_word' id='word_1_91' title='bbox 845 722 973 753; x_wconf 84' lang='lat' dir='ltr'>heroum</span> <span class='ocrx_word' id='word_1_92' title='bbox 999 721 1154 762; x_wconf 83' lang='lat' dir='ltr'>applicari</span> <span class='ocrx_word' id='word_1_93' title='bbox 1182 720 1302 761; x_wconf 89' lang='lat' dir='ltr'>proelia</span> <span class='ocrx_word' id='word_1_94' title='bbox 1330 720 1391 750; x_wconf 90' lang='lat' dir='ltr'>ista</span> <span class='ocrx_word' id='word_1_95' title='bbox 1415 719 1494 750; x_wconf 86' lang='lat' dir='ltr'>ratio</span> <span class='ocrx_word' id='word_1_96' title='bbox 1519 728 1581 749; x_wconf 91' lang='lat' dir='ltr'>non</span> 
     </span>
     <span class='ocr_line' id='line_1_12' title="bbox 310 771 1583 817; baseline -0.005 -9"><span class='ocrx_word' id='word_1_97' title='bbox 310 777 452 817; x_wconf 85' lang='lat' dir='ltr'>potuerit.</span> <span class='ocrx_word' id='word_1_98' title='bbox 477 776 667 807; x_wconf 83' lang='lat' dir='ltr'>simillimam</span> <span class='ocrx_word' id='word_1_99' title='bbox 686 776 781 815; x_wconf 80' lang='lat' dir='ltr'>igitur</span> <span class='ocrx_word' id='word_1_100' title='bbox 798 775 925 806; x_wconf 89' lang='lat' dir='ltr'>deorum</span> <span class='ocrx_word' id='word_1_101' title='bbox 943 784 1068 816; x_wconf 83' lang='lat' dir='ltr'>pugnae</span> <span class='ocrx_word' id='word_1_102' title='bbox 1083 773 1372 814; x_wconf 82' lang='lat' dir='ltr'>interpretationem</span> <span class='ocrx_word' id='word_1_103' title='bbox 1386 771 1583 803; x_wconf 85' lang='lat' dir='ltr'>Metrodorus</span> 
     </span>
     <span class='ocr_line' id='line_1_13' title="bbox 309 827 1583 868; baseline -0.005 -7"><span class='ocrx_word' id='word_1_104' title='bbox 309 830 450 861; x_wconf 86' lang='lat' dir='ltr'>imitatus</span> <span class='ocrx_word' id='word_1_105' title='bbox 479 834 525 860; x_wconf 88' lang='lat' dir='ltr'>est</span> <span class='ocrx_word' id='word_1_106' title='bbox 554 829 592 868; x_wconf 89' lang='lat' dir='ltr'>ei,</span> <span class='ocrx_word' id='word_1_107' title='bbox 622 839 715 868; x_wconf 85' lang='lat' dir='ltr'>quam</span> <span class='ocrx_word' id='word_1_108' title='bbox 742 829 883 859; x_wconf 80' lang='lat' dir='ltr'>novimus</span> <span class='ocrx_word' id='word_1_109' title='bbox 913 838 951 858; x_wconf 82' lang='lat' dir='ltr'>ex</span> <span class='ocrx_word' id='word_1_110' title='bbox 981 827 1140 858; x_wconf 83' lang='lat' dir='ltr'>Heraclito</span> <span class='ocrx_word' id='word_1_111' title='bbox 1170 827 1355 865; x_wconf 84' lang='lat' dir='ltr'>ceterisque,</span> <span class='ocrx_word' id='word_1_112' title='bbox 1386 835 1464 864; x_wconf 85' lang='lat' dir='ltr'>quos</span> <span class='ocrx_word' id='word_1_113' title='bbox 1487 833 1583 865; x_wconf 86' lang='lat' dir='ltr'>supra</span> 
     </span>
     <span class='ocr_line' id='line_1_14' title="bbox 311 877 1582 921; baseline -0.005 -8"><span class='ocrx_word' id='word_1_114' title='bbox 311 882 563 913; x_wconf 84' lang='lat' dir='ltr'>commemoravi.</span> <span class='ocrx_word' id='word_1_115' title='bbox 612 881 696 921; x_wconf 81' lang='lat' dir='ltr'>quod</span> <span class='ocrx_word' id='word_1_116' title='bbox 734 881 760 912; x_wconf 90' lang='lat' dir='ltr'>si</span> <span class='ocrx_word' id='word_1_117' title='bbox 795 881 841 912; x_wconf 85' lang='lat' dir='ltr'>ita</span> <span class='ocrx_word' id='word_1_118' title='bbox 876 884 932 915; x_wconf 84' lang='lat' dir='ltr'>est,</span> <span class='ocrx_word' id='word_1_119' title='bbox 969 885 1103 921; x_wconf 85' lang='lat' dir='ltr'>apparet</span> <span class='ocrx_word' id='word_1_120' title='bbox 1140 890 1179 910; x_wconf 87' lang='lat' dir='ltr'>ne</span> <span class='ocrx_word' id='word_1_121' title='bbox 1218 878 1419 919; x_wconf 86' lang='lat' dir='ltr'>Empedoclis</span> <span class='ocrx_word' id='word_1_122' title='bbox 1458 877 1582 917; x_wconf 90' lang='lat' dir='ltr'>quidem</span> 
     </span>
     <span class='ocr_line' id='line_1_15' title="bbox 311 930 1583 975; baseline -0.005 -9"><span class='ocrx_word' id='word_1_123' title='bbox 311 936 483 967; x_wconf 81' lang='lat' dir='ltr'>doctrinam</span> <span class='ocrx_word' id='word_1_124' title='bbox 518 945 587 966; x_wconf 80' lang='lat' dir='ltr'>esse</span> <span class='ocrx_word' id='word_1_125' title='bbox 620 944 639 965; x_wconf 89' lang='lat' dir='ltr'>a</span> <span class='ocrx_word' id='word_1_126' title='bbox 671 934 797 965; x_wconf 85' lang='lat' dir='ltr'>Cratcte</span> <span class='ocrx_word' id='word_1_127' title='bbox 830 934 931 975; x_wconf 86' lang='lat' dir='ltr'>primo</span> <span class='ocrx_word' id='word_1_128' title='bbox 963 944 1031 964; x_wconf 84' lang='lat' dir='ltr'>cum</span> <span class='ocrx_word' id='word_1_129' title='bbox 1064 933 1200 964; x_wconf 90' lang='lat' dir='ltr'>Homero</span> <span class='ocrx_word' id='word_1_130' title='bbox 1233 934 1457 972; x_wconf 82' lang='lat' dir='ltr'>comparatam,</span> <span class='ocrx_word' id='word_1_131' title='bbox 1489 930 1583 961; x_wconf 92' lang='lat' dir='ltr'>immo</span> 
     </span>
     <span class='ocr_line' id='line_1_16' title="bbox 311 984 1584 1029; baseline -0.005 -10"><span class='ocrx_word' id='word_1_132' title='bbox 311 993 478 1029; x_wconf 83' lang='lat' dir='ltr'>postquam</span> <span class='ocrx_word' id='word_1_133' title='bbox 507 988 603 1019; x_wconf 87' lang='lat' dir='ltr'>semel</span> <span class='ocrx_word' id='word_1_134' title='bbox 634 987 666 1018; x_wconf 89' lang='lat' dir='ltr'>di</span> <span class='ocrx_word' id='word_1_135' title='bbox 694 987 855 1018; x_wconf 84' lang='lat' dir='ltr'>Homerici</span> <span class='ocrx_word' id='word_1_136' title='bbox 883 987 1107 1017; x_wconf 88' lang='lat' dir='ltr'>elementorum</span> <span class='ocrx_word' id='word_1_137' title='bbox 1136 985 1382 1025; x_wconf 78' lang='lat' dir='ltr'>significationes</span> <span class='ocrx_word' id='word_1_138' title='bbox 1411 984 1584 1022; x_wconf 90' lang='lat' dir='ltr'>induerunt,</span> 
     </span>
     <span class='ocr_line' id='line_1_17' title="bbox 312 1035 1585 1082; baseline -0.005 -10"><span class='ocrx_word' id='word_1_139' title='bbox 312 1042 383 1073; x_wconf 91' lang='lat' dir='ltr'>inde</span> <span class='ocrx_word' id='word_1_140' title='bbox 414 1052 433 1072; x_wconf 93' lang='lat' dir='ltr'>a</span> <span class='ocrx_word' id='word_1_141' title='bbox 461 1041 610 1082; x_wconf 80' lang='lat' dir='ltr'>sophistis</span> <span class='ocrx_word' id='word_1_142' title='bbox 640 1050 737 1079; x_wconf 83' lang='lat' dir='ltr'>usque</span> <span class='ocrx_word' id='word_1_143' title='bbox 768 1040 807 1070; x_wconf 82' lang='lat' dir='ltr'>ad</span> <span class='ocrx_word' id='word_1_144' title='bbox 836 1040 1035 1070; x_wconf 84' lang='lat' dir='ltr'>Eustathium</span> <span class='ocrx_word' id='word_1_145' title='bbox 1063 1039 1175 1069; x_wconf 91' lang='lat' dir='ltr'>miram</span> <span class='ocrx_word' id='word_1_146' title='bbox 1205 1038 1360 1077; x_wconf 87' lang='lat' dir='ltr'>quandam</span> <span class='ocrx_word' id='word_1_147' title='bbox 1394 1037 1425 1067; x_wconf 94' lang='lat' dir='ltr'>in</span> <span class='ocrx_word' id='word_1_148' title='bbox 1456 1035 1585 1067; x_wconf 86' lang='lat' dir='ltr'>Homeri</span> 
     </span>
     <span class='ocr_line' id='line_1_18' title="bbox 311 1089 1584 1135; baseline -0.005 -10"><span class='ocrx_word' id='word_1_149' title='bbox 311 1094 569 1135; x_wconf 82' lang='lat' dir='ltr'>interpretatione</span> <span class='ocrx_word' id='word_1_150' title='bbox 587 1094 759 1133; x_wconf 83' lang='lat' dir='ltr'>allegorica</span> <span class='ocrx_word' id='word_1_151' title='bbox 775 1102 926 1132; x_wconf 78' lang='lat' dir='ltr'>regnasse</span> <span class='ocrx_word' id='word_1_152' title='bbox 944 1093 1188 1123; x_wconf 83' lang='lat' dir='ltr'>uniformitatem</span> <span class='ocrx_word' id='word_1_153' title='bbox 1206 1096 1236 1121; x_wconf 92' lang='lat' dir='ltr'>et</span> <span class='ocrx_word' id='word_1_154' title='bbox 1250 1090 1466 1122; x_wconf 84' lang='lat' dir='ltr'>constantiam.</span> <span class='ocrx_word' id='word_1_155' title='bbox 1491 1089 1584 1128; x_wconf 87' lang='lat' dir='ltr'>longe</span> 
     </span>
     <span class='ocr_line' id='line_1_19' title="bbox 313 1141 1583 1185; baseline -0.006 -6"><span class='ocrx_word' id='word_1_156' title='bbox 313 1147 399 1179; x_wconf 87' lang='lat' dir='ltr'>aliud</span> <span class='ocrx_word' id='word_1_157' title='bbox 424 1147 540 1178; x_wconf 88' lang='lat' dir='ltr'>accidit</span> <span class='ocrx_word' id='word_1_158' title='bbox 564 1147 713 1185; x_wconf 87' lang='lat' dir='ltr'>Hesiodo,</span> <span class='ocrx_word' id='word_1_159' title='bbox 750 1146 801 1185; x_wconf 81' lang='lat' dir='ltr'>qui</span> <span class='ocrx_word' id='word_1_160' title='bbox 834 1150 867 1176; x_wconf 91' lang='lat' dir='ltr'>ut</span> <span class='ocrx_word' id='word_1_161' title='bbox 897 1146 1051 1176; x_wconf 86' lang='lat' dir='ltr'>varietate</span> <span class='ocrx_word' id='word_1_162' title='bbox 1083 1144 1260 1175; x_wconf 78' lang='lat' dir='ltr'>fabularum</span> <span class='ocrx_word' id='word_1_163' title='bbox 1285 1143 1459 1174; x_wconf 86' lang='lat' dir='ltr'>divinarum</span> <span class='ocrx_word' id='word_1_164' title='bbox 1490 1141 1583 1181; x_wconf 85' lang='lat' dir='ltr'>longe</span> 
     </span>
     <span class='ocr_line' id='line_1_20' title="bbox 314 1196 1584 1240; baseline -0.005 -9"><span class='ocrx_word' id='word_1_165' title='bbox 314 1201 483 1231; x_wconf 88' lang='lat' dir='ltr'>Homerum</span> <span class='ocrx_word' id='word_1_166' title='bbox 508 1204 644 1240; x_wconf 89' lang='lat' dir='ltr'>superat,</span> <span class='ocrx_word' id='word_1_167' title='bbox 677 1200 721 1230; x_wconf 89' lang='lat' dir='ltr'>ita</span> <span class='ocrx_word' id='word_1_168' title='bbox 745 1203 776 1230; x_wconf 88' lang='lat' dir='ltr'>et</span> <span class='ocrx_word' id='word_1_169' title='bbox 809 1199 917 1239; x_wconf 85' lang='lat' dir='ltr'>plures</span> <span class='ocrx_word' id='word_1_170' title='bbox 949 1199 1046 1229; x_wconf 90' lang='lat' dir='ltr'>multo</span> <span class='ocrx_word' id='word_1_171' title='bbox 1081 1202 1111 1228; x_wconf 87' lang='lat' dir='ltr'>et</span> <span class='ocrx_word' id='word_1_172' title='bbox 1145 1198 1285 1228; x_wconf 88' lang='lat' dir='ltr'>diversas</span> <span class='ocrx_word' id='word_1_173' title='bbox 1310 1196 1411 1235; x_wconf 77' lang='lat' dir='ltr'>magis</span> <span class='ocrx_word' id='word_1_174' title='bbox 1443 1198 1490 1226; x_wconf 87' lang='lat' dir='ltr'>est</span> <span class='ocrx_word' id='word_1_175' title='bbox 1513 1204 1584 1225; x_wconf 84' lang='lat' dir='ltr'>cum</span> 
     </span>
     <span class='ocr_line' id='line_1_21' title="bbox 314 1249 1585 1293; baseline -0.006 -9"><span class='ocrx_word' id='word_1_176' title='bbox 314 1253 489 1285; x_wconf 72' lang='lat' dir='ltr'>Stoicorum</span> <span class='ocrx_word' id='word_1_177' title='bbox 513 1256 577 1283; x_wconf 90' lang='lat' dir='ltr'>tum</span> <span class='ocrx_word' id='word_1_178' title='bbox 594 1252 894 1293; x_wconf 86' lang='lat' dir='ltr'>Neoplatonicorum</span> <span class='ocrx_word' id='word_1_179' title='bbox 918 1251 1193 1291; x_wconf 86' lang='lat' dir='ltr'>interpretationes</span> <span class='ocrx_word' id='word_1_180' title='bbox 1218 1249 1407 1289; x_wconf 78' lang='lat' dir='ltr'>allegoricas</span> <span class='ocrx_word' id='word_1_181' title='bbox 1429 1251 1585 1288; x_wconf 86' lang='lat' dir='ltr'>expertus.</span> 
     </span>
     <span class='ocr_line' id='line_1_22' title="bbox 314 1300 1584 1345; baseline -0.005 -8"><span class='ocrx_word' id='word_1_182' title='bbox 314 1307 449 1337; x_wconf 85' lang='lat' dir='ltr'>Cratetis</span> <span class='ocrx_word' id='word_1_183' title='bbox 473 1316 546 1337; x_wconf 90' lang='lat' dir='ltr'>vero</span> <span class='ocrx_word' id='word_1_184' title='bbox 570 1305 627 1337; x_wconf 85' lang='lat' dir='ltr'>hoc</span> <span class='ocrx_word' id='word_1_185' title='bbox 652 1306 747 1336; x_wconf 85' lang='lat' dir='ltr'>fuisse</span> <span class='ocrx_word' id='word_1_186' title='bbox 782 1305 941 1345; x_wconf 87' lang='lat' dir='ltr'>proprium</span> <span class='ocrx_word' id='word_1_187' title='bbox 975 1309 1128 1345; x_wconf 82' lang='lat' dir='ltr'>putamus,</span> <span class='ocrx_word' id='word_1_188' title='bbox 1163 1306 1197 1334; x_wconf 89' lang='lat' dir='ltr'>ut</span> <span class='ocrx_word' id='word_1_189' title='bbox 1228 1303 1268 1334; x_wconf 89' lang='lat' dir='ltr'>ad</span> <span class='ocrx_word' id='word_1_190' title='bbox 1300 1306 1415 1333; x_wconf 80' lang='lat' dir='ltr'>certam</span> <span class='ocrx_word' id='word_1_191' title='bbox 1443 1300 1584 1341; x_wconf 85' lang='lat' dir='ltr'>regulam</span> 
     </span>
     <span class='ocr_line' id='line_1_23' title="bbox 314 1354 1585 1399; baseline -0.005 -9"><span class='ocrx_word' id='word_1_192' title='bbox 314 1360 454 1390; x_wconf 81' lang='lat' dir='ltr'>collectis</span> <span class='ocrx_word' id='word_1_193' title='bbox 478 1359 615 1398; x_wconf 87' lang='lat' dir='ltr'>undique</span> <span class='ocrx_word' id='word_1_194' title='bbox 640 1363 670 1389; x_wconf 87' lang='lat' dir='ltr'>et</span> <span class='ocrx_word' id='word_1_195' title='bbox 688 1358 854 1399; x_wconf 78' lang='lat' dir='ltr'>explicatis</span> <span class='ocrx_word' id='word_1_196' title='bbox 871 1357 1059 1388; x_wconf 83' lang='lat' dir='ltr'>testimoniis</span> <span class='ocrx_word' id='word_1_197' title='bbox 1077 1361 1106 1387; x_wconf 80' lang='lat' dir='ltr'>et</span> <span class='ocrx_word' id='word_1_198' title='bbox 1123 1360 1237 1393; x_wconf 85' lang='lat' dir='ltr'>terrae,</span> <span class='ocrx_word' id='word_1_199' title='bbox 1262 1355 1387 1395; x_wconf 85' lang='lat' dir='ltr'>qualem</span> <span class='ocrx_word' id='word_1_200' title='bbox 1404 1354 1585 1394; x_wconf 84' lang='lat' dir='ltr'>explorasse</span> 
     </span>
     <span class='ocr_line' id='line_1_24' title="bbox 314 1405 1586 1452; baseline -0.006 -9"><span class='ocrx_word' id='word_1_201' title='bbox 314 1413 485 1443; x_wconf 88' lang='lat' dir='ltr'>Homerum</span> <span class='ocrx_word' id='word_1_202' title='bbox 509 1412 569 1443; x_wconf 87' lang='lat' dir='ltr'>sibi</span> <span class='ocrx_word' id='word_1_203' title='bbox 592 1415 803 1452; x_wconf 84' lang='lat' dir='ltr'>persuaserat,</span> <span class='ocrx_word' id='word_1_204' title='bbox 830 1415 861 1441; x_wconf 91' lang='lat' dir='ltr'>et</span> <span class='ocrx_word' id='word_1_205' title='bbox 876 1411 971 1441; x_wconf 83' lang='lat' dir='ltr'>totius</span> <span class='ocrx_word' id='word_1_206' title='bbox 988 1410 1094 1441; x_wconf 88' lang='lat' dir='ltr'>mundi</span> <span class='ocrx_word' id='word_1_207' title='bbox 1114 1409 1316 1440; x_wconf 87' lang='lat' dir='ltr'>adumbraret</span> <span class='ocrx_word' id='word_1_208' title='bbox 1334 1418 1426 1448; x_wconf 83' lang='lat' dir='ltr'>quam</span> <span class='ocrx_word' id='word_1_209' title='bbox 1443 1405 1586 1447; x_wconf 86' lang='lat' dir='ltr'>plenissi-</span> 
     </span>
     <span class='ocr_line' id='line_1_25' title="bbox 314 1464 940 1506; baseline -0.003 -10"><span class='ocrx_word' id='word_1_210' title='bbox 314 1475 398 1496; x_wconf 87' lang='lat' dir='ltr'>mam</span> <span class='ocrx_word' id='word_1_211' title='bbox 422 1468 453 1496; x_wconf 89' lang='lat' dir='ltr'>et</span> <span class='ocrx_word' id='word_1_212' title='bbox 476 1465 738 1506; x_wconf 76' lang='lat' dir='ltr'>perfectissimam</span> <span class='ocrx_word' id='word_1_213' title='bbox 763 1464 940 1504; x_wconf 80' lang='lat' dir='ltr'>imaginem.</span> 
     </span>
    </p>
   </div>
  </div>
 </body>
</html>
