1697 2530
732 146 773 176 65

114 253 320 286 adsciscatur.
366 253 429 284 iam
454 262 528 284 vero
553 252 664 284 eodem
690 252 786 293 plane
810 250 942 283 artificio
967 251 1063 283 etiam
1087 250 1268 282 Heraclitus
1299 248 1398 281 utitur

113 317 140 339 c.
165 308 206 339 41
233 317 262 347 p.
287 307 344 338 61:
377 304 493 347 ταύτην
517 304 549 336 δὲ
574 305 629 347 τὴν
652 303 788 344 τετράδα
812 307 875 335 τιῦν
899 305 1063 343 στοιχείων
1091 303 1144 334 καὶ
1174 302 1254 343 μετὰ
1284 302 1397 342 μικρὸν

112 358 146 391 ἐν
163 364 230 397 τοῖς
247 357 352 400 ὅρκοις
372 357 560 400 διεσάφησεν
576 356 672 399 “Ἠρα·
699 356 778 388 ἴστω
804 360 858 388 νῦν
877 356 949 388 τόδε
970 362 1046 397 γαῖα
1070 356 1124 388 καὶ
1149 354 1283 397 οὐρανὸς
1306 352 1397 396 εὐρὺς

115 411 260 453 ὕπερθεν
284 412 337 443 καὶ
360 412 397 443 τὸ
418 411 636 453 κατειβόμενον
658 411 776 451 Στυγὸς
799 409 882 452 ’ὕδωρ
907 411 948 451 (Ο
965 412 1058 450 36s.).
1104 410 1187 451 τρισὶ
1211 408 1271 450 γὰρ
1293 406 1398 450 ὅρκοις

113 466 169 508 τὴν
199 463 362 507 ὁμόφυλον
386 462 488 506 αὗτῆς
511 464 562 495 καὶ
588 466 720 505 συγγενῆ
753 463 848 504 φύσιν
874 460 1043 502 ὠνόμασεν,
1076 460 1160 503 ὕδωρ
1193 474 1225 493 τε
1257 462 1311 492 καὶ
1342 465 1399 503 γῆν

114 519 167 550 καὶ
191 519 245 550 τὸν
269 517 413 559 ὕπερθεν
429 516 570 559 οὐρανόν,
595 514 957 557 »corz-5011zdvm'ae'qa.
997 518 1177 556 τέταρτον
1200 515 1269 556 γὰρ
1291 525 1397 546 στοι-

114 577 217 612 χεὶον
243 567 281 614 ἦν
306 570 322 614 ἡ
346 570 547 611 ὀμνύουσα.
596 570 706 610 quodsi
731 572 817 601 recte
835 569 1032 610 superiorem
1050 569 1137 600 illum
1155 569 1258 600 locum
1276 568 1397 600 Crateti

114 625 291 664 tribuimus,
325 628 460 666 apparet
485 624 567 655 idem
593 634 663 654 esse
689 623 727 654 de
752 623 810 654 hoc
835 632 959 662 quoque
984 623 1053 653 loco
1077 622 1290 660 statuendum,
1325 632 1395 653 cum

115 689 177 710 non
203 679 324 720 possint
348 679 441 709 ambo
471 687 533 708 non
558 687 596 708 ex
629 687 692 707 nna
724 675 900 716 eademque
931 676 1115 716 provenisse
1148 675 1284 706 officina.
1332 675 1397 706 iam

114 742 189 764 vero
233 742 302 763 cum
347 731 500 762 Heracliti
540 730 599 761 hoo
639 729 677 760 de
722 729 851 760 Iunonis
891 729 1067 760 iuramento
1111 729 1181 760 loeo
1225 728 1398 760 cohaerere

115 785 250 817 vidimus
289 784 445 815 artissime
482 793 563 823 quae
595 786 665 814 sunt
697 783 782 823 apud
814 782 948 814 eundem
979 782 1176 814 Heraclitum
1208 782 1326 813 tradita
1357 781 1399 812 de

115 838 361 879 Agamemnonis
392 838 461 868 iure
492 837 623 868 iurando
657 847 681 868 c.
706 838 747 868 23
781 836 831 875 (of.
856 847 886 877 p.
911 837 974 876 19).
1021 836 1128 875 itaque
1160 836 1240 866 haee
1272 845 1398 875 quoque

115 892 305 923 vindicanda
329 895 401 922 sunt
418 891 544 922 Crateti.
584 900 624 921 ne
648 890 760 921 multa:
787 899 866 929 quae
892 890 923 920 in
941 889 1168 920 elementorum
1186 888 1396 920 describendo

115 955 245 976 numero
271 948 365 984 atque
390 944 501 975 ordine
519 947 694 983 versantur,
720 946 784 974 tam
802 943 919 974 similia
936 943 1052 982 omnia,
1076 946 1142 974 tam
1160 945 1298 983 cognata
1315 944 1398 982 sunt,

116 1003 149 1030 ut
173 1000 213 1030 ab
238 999 350 1030 eodem
375 1002 428 1029 aut
454 998 581 1029 inventa
606 1007 676 1028 esse
702 1000 755 1027 aut
779 996 888 1027 induta
912 997 1024 1027 saltem
1049 1006 1088 1027 ea
1103 996 1205 1027 forma
1222 995 1398 1034 videantur,

117 1062 179 1092 qua
202 1052 344 1083 feruntur
369 1051 452 1092 apud
476 1052 614 1081 Probum
639 1050 833 1081 Heraclitum
860 1050 1208 1081 Pseudo-Plutarchum.

206 1105 270 1137 Sed
298 1109 369 1136 sunt
398 1104 481 1135 aliae
511 1113 634 1143 quoque
660 1104 778 1134 Demus
808 1113 877 1134 cum
902 1103 1029 1134 Cratete
1058 1102 1290 1141 similitudines,
1316 1111 1399 1142 quae

117 1159 177 1190 etsi
200 1159 231 1189 in
257 1162 345 1189 tanta
368 1158 619 1188 testimoniorum
645 1157 752 1196 inopia
776 1159 878 1187 utrum
903 1156 943 1186 ad
973 1156 1075 1197 ipsum
1100 1156 1259 1187 Cratetem
1292 1166 1333 1186 an
1357 1154 1400 1186 ad

117 1211 303 1243 vetustiores
333 1211 457 1242 Stoicos
486 1211 548 1242 sint
576 1210 763 1241 referendae
792 1210 911 1250 ambigi
947 1209 1104 1240 interdum
1140 1212 1254 1250 potest,
1290 1212 1398 1240 tamen

117 1265 193 1305 quia
228 1264 268 1296 ad
304 1264 521 1295 illustrandam
558 1268 643 1295 certe
673 1267 704 1294 et
734 1263 944 1294 enarrandam
974 1263 1110 1294 Cratetis
1144 1262 1296 1293 rationem
1327 1262 1402 1293 doo-

117 1318 295 1358 triuamque
320 1318 492 1357 conferunt,
516 1327 578 1348 non
603 1320 674 1348 sunt
699 1316 756 1347 hoo
782 1316 852 1348 loco
878 1316 1003 1347 silentio
1029 1315 1302 1347 transmittendae.

206 1376 309 1416 Atque
334 1379 461 1417 praeter
486 1379 592 1406 cetera
616 1375 674 1406 hue
699 1374 804 1406 faeere
830 1374 906 1405 mihi
930 1374 1084 1413 videntur,
1110 1384 1191 1414 quae
1209 1374 1247 1405 de
1264 1373 1402 1405 Tartaro

119 1429 278 1461 Cratetem
303 1429 452 1460 statuisse
476 1428 572 1459 tradit
593 1428 772 1468 Stephanus
789 1428 962 1469 Byzantius
979 1438 1003 1459 s.
1021 1439 1050 1459 v.
1072 1427 1249 1468 Τάρταρος;
1276 1425 1403 1468 Κράτης

117 1482 174 1522 μὲν
205 1482 259 1513 τὸν
292 1480 358 1513 ὑπὸ
388 1487 456 1519 τοῖς
487 1481 602 1518 πόλοις
635 1479 714 1522 ἀέρα
738 1480 844 1520 παχύν
868 1493 901 1512 τε
926 1481 977 1512 καὶ
1003 1479 1193 1522 ἀφώτιστον,
1211 1479 1344 1522 Ὅμηρος
1367 1480 1403 1511 δὲ

119 1534 219 1567 τόπον
243 1532 324 1567 εἶναι
348 1537 518 1574 συνέχοντα
542 1534 615 1572 τοὺς
638 1534 712 1575 περὶ
729 1533 847 1575 Κρόνον
868 1535 921 1565 καὶ
940 1533 1002 1565 ὑπὸ
1018 1535 1075 1576 γῆν
1090 1533 1184 1572 ὄντας
1201 1557 1208 1564 .
1227 1560 1232 1566 .
1250 1558 1257 1564 .
1274 1534 1403 1574 λέγεται

119 1588 152 1620 δὲ
176 1588 267 1629 παρὰ
290 1589 327 1619 τι)
351 1587 521 1629 ταράσσειν
544 1588 741 1629 ταρταρίζειν
765 1588 801 1618 τὸ
825 1587 1048 1629 ταράσσεσθαι
1059 1587 1091 1629 ¹).
1131 1592 1201 1619 orta
1218 1588 1286 1619 sine
1304 1587 1402 1619 dubio

119 1643 200 1674 mira
235 1643 297 1675 ista
331 1643 413 1674 ratio
450 1645 497 1673 est
533 1651 571 1672 ex
606 1651 701 1672 versu
731 1641 890 1673 Hesiodeo
922 1641 1044 1681 Theog.
1076 1643 1151 1672 119:
1192 1640 1338 1682 Τάρταρα
1372 1638 1399 1670 τ’

120 1693 268 1737 ἠερόεντα
302 1696 391 1736 μυχῷ
425 1694 544 1734 χθονὸς
578 1692 762 1736 εὐρυοδείης,
804 1705 896 1734 quem
936 1695 1070 1726 fortasse
1106 1695 1169 1725 iam
1205 1694 1404 1735 Chrysippus

121 1750 168 1787 (fr.
186 1750 250 1781 430
268 1749 388 1788 Arnim)
406 1753 474 1780 erat
491 1749 536 1779 ita
552 1748 787 1788 interpretatus,
811 1752 843 1779 ut
860 1758 917 1789 pro
940 1758 1013 1779 aere
1031 1749 1200 1779 Tartarum
1224 1747 1402 1788 aeeipe1·et;

120 1803 159 1834 of.
192 1802 271 1834 Plut.
305 1803 343 1833 de
377 1802 478 1843 primo
512 1801 628 1842 frigido
661 1812 686 1832 e.
716 1804 734 1832 9
760 1812 790 1842 p.
814 1801 923 1835 94801:
961 1801 1010 1833 διὸ
1034 1801 1087 1832 καὶ
1114 1800 1276 1842 Τάρταρος
1299 1798 1405 1836 οὕτως

120 1853 184 1887 ὑπὸ
211 1854 413 1897 ψυχρότητος
436 1855 598 1897 κέκληται·
624 1854 712 1897 δηλοῖ
736 1854 770 1885 δὲ
794 1855 846 1886 καὶ
864 1853 1005 1892 Ἡσίοδος
1029 1853 1143 1885 simbu-
1167 1852 1222 1876 ‘—-
1240 1853 1402 1894 Τάρταρον

119 1906 289 1951 ἠερόεντα’.
313 1909 367 1940 καὶ
390 1908 427 1939 τὸ
450 1908 598 1950 ῥιγοῦντα
623 1907 810 1939 πάλλεσθαι
835 1908 888 1938 καὶ
904 1911 1027 1949 τρέμειν
1044 1907 1249 1949 ταρταρίζειν.
1274 1907 1403 1938 Cornut.

120 1973 152 2004 p.
170 1964 221 1997 28,
238 1964 292 1994 15:
317 1960 448 1999 εἰκότως
472 1957 526 1993 οὖν
549 1961 672 2003 ἔφασαν
695 1961 775 2001 μετὰ
800 1961 836 1993 τι)
859 1960 936 2000 χάος
961 1961 1018 2004 τήν
1041 1973 1074 1993 τε
1098 1964 1157 2003 γῆν
1181 1962 1333 2001 γενέσθαι
1349 1960 1405 1991 καὶ

120 2015 161 2046 τὰ
181 2014 327 2058 ἠερόεντα
348 2015 507 2057 Τάρταρα,
532 2014 553 2046 ἄ
570 2015 607 2058 ὀὴ
622 2015 722 2055 μυχὸν
738 2018 795 2056 γῆς
811 2013 973 2054 ὠνόμασεν
993 2013 1010 2046 ὁ
1027 2016 1250 2056 προειρημένος
1266 2014 1404 2056 ποιητής

213 2086 233 2120 ¹)
253 2086 294 2113 De
313 2086 375 2113 aliis
394 2086 513 2113 eiusdem
533 2086 689 2120 argumenti
709 2085 775 2112 locis
794 2085 1003 2120 cf.H.Be1·ge1-,
1023 2086 1118 2112 Gesch.
1133 2086 1181 2112 der
1195 2084 1404 2111 wissenschaftl.

121 2130 269 2157 Erdkunde
288 2131 336 2157 der
354 2131 500 2157 Griechen²
519 2131 611 2164 (19⁰3)
631 2139 656 2164 p.
670 2131 730 2157 451.
752 2146 785 2149 —
805 2130 926 2157 Cratetis
946 2134 988 2157 est
1012 2131 1093 2157 schol.
1114 2131 1138 2157 A
1153 2130 1187 2157 ad
1217 2129 1238 2153 Θ
1260 2130 1304 2156 13:
1333 2128 1403 2162 Τάρ-

121 2184 201 2209 ταρος
215 2195 220 2201 .
235 2194 241 2200 .
256 2194 262 2200 .
283 2176 308 2199 οἳ
327 2173 355 2199 δὲ
374 2175 406 2199 τὸ
427 2174 584 2209 ἀφώτιστον
603 2176 648 2207 τῆς
668 2176 823 2206 οἰκοιχιιένῃς
841 2177 918 2209 μέρος
939 2174 1110 2205 ἀπεδέξαντο.

176 2223 342 2250 Baianum,
358 2224 389 2244 De
404 2224 532 2244 Graecorum
548 2224 663 2248 theologia.
1207 2228 1222 2253 5
