1697 2530
928 164 988 193 112

336 267 438 306 magis
471 267 653 307 inculpandi
685 269 758 297 sunt
788 266 990 307 expilatores,
1024 267 1076 306 qui
1111 268 1265 299 sinceram
1301 268 1406 309 operis
1441 268 1609 308 imaginem

337 320 513 361 exprimere
544 329 602 350 nee
635 319 800 350 voluerunt
832 329 890 350 nec
921 320 1099 361 valuerunt3
1129 320 1193 367 sed
1202 330 1320 368 revera
1342 321 1533 362 Apollodoro
1558 321 1609 352 dei

336 375 407 403 sunt
439 382 501 403 non
533 372 621 412 ipsae
654 381 704 402 res
737 375 869 403 naturae
895 372 950 403 sed
974 371 1126 412 δυνάμεις
1143 382 1246 404 rerum
1271 374 1453 412 effectrices,
1478 384 1607 414 quarum

337 425 415 456 varii
440 425 570 456 effeetus
594 428 755 464 tamquam
780 425 972 465 praedicatis
997 425 1093 456 variis
1121 425 1299 457 nominibus
1323 430 1608 466 repraesententur

402 479 468 508 Iam
493 477 575 517 quod
600 477 640 508 ad
665 478 859 518 singulorum
885 481 1057 519 etymorum
1082 478 1194 509 attinet
1218 478 1468 519 explicationem,
1491 482 1524 510 ut
1547 489 1608 510 non

337 531 539 571 acquiescere
564 530 688 561 solebat
712 530 924 571 Apollodorus
941 531 972 561 in
989 530 1151 562 reddenda
1169 541 1231 562 una
1247 531 1462 562 tantummodo
1479 531 1611 563 alicuius

337 584 383 615 rei
418 594 513 614 causa
549 594 585 614 ac
620 584 752 623 ratione,
789 584 833 615 ita
868 584 1063 624 frequentari
1102 594 1140 615 ex
1180 583 1307 614 deorum
1343 584 1610 625 appellationibus

337 638 469 677 putabat
501 647 555 668 eas
586 637 732 675 maxime,
765 637 876 676 quibus
910 636 1080 667 similitudo
1114 637 1268 676 quaedam
1298 637 1385 668 vocis
1419 638 1514 677 atque
1542 637 1611 668 soni

338 689 546 721 intercederet
570 700 639 720 cum
661 690 804 730 plurimis
825 693 855 721 et
879 690 1100 721 diversissimis
1122 690 1293 721 effectibus.
1318 690 1362 721 sic
1379 700 1404 721 e.
1421 700 1450 730 g.
1467 688 1612 730 ἑκάεργος

337 743 525 774 vocabulum
556 754 617 773 non
651 744 750 773 solnm
775 740 841 773 ἀπὸ
864 743 922 773 τοῦ
945 742 1058 783 εἴργειν
1082 743 1236 774 derivavit
1260 743 1315 774 sed
1340 744 1434 774 etiam
1459 740 1525 774 ἀπὸ
1556 745 1612 773 τοῦ

339 794 531 837 ἐργάζεσθαι
552 797 603 834 (cf.
621 796 717 827 schol.
737 796 854 827 Genev.
872 800 898 825 Φ
915 797 1002 836 472),
1027 797 1071 827 sic
1095 793 1162 838 'Ilpa
1186 796 1341 837 Apollinis
1366 796 1612 837 appellationem

338 850 369 880 in
394 859 454 880 non
479 849 579 880 minus
604 853 739 888 quatuor
763 852 887 890 accepit
910 849 1087 880 intellectus
1112 850 1164 890 (cf.
1189 850 1329 881 Macrob.
1353 850 1367 880 Ι
1393 850 1520 889 17‚16).
1566 849 1611 880 sic

338 902 508 933 Nereidum
541 902 668 933 nomina
701 912 762 932 non
795 902 897 933 minus
929 903 969 933 ad
993 903 1135 933 marinae
1159 911 1260 942 aquae
1286 913 1377 942 quam
1402 902 1441 933 ad
1467 901 1614 933 elementi

338 955 457 986 humidi
488 959 632 986 naturam
663 955 789 986 rettulit.
826 955 896 986 hinc
920 955 1149 996 explicandum,
1175 955 1259 994 quod
1285 966 1353 986 cum
1378 955 1440 986 sint
1464 955 1612 995 epitheta,

340 1018 419 1048 quae
452 1008 553 1048 accipi
589 1011 620 1039 et
662 1008 824 1039 transitive
864 1008 986 1048 possint
1024 1011 1056 1039 et
1095 1008 1304 1048 intransitive,
1353 1008 1445 1039 simul
1484 1007 1514 1038 in
1553 1007 1612 1038 hoc

339 1070 455 1100 genere
481 1061 560 1091 solet
583 1064 748 1099 utramque
773 1060 924 1091 adhibere
949 1060 1217 1099 significationem,
1242 1060 1316 1091 licet
1339 1060 1440 1091 altera
1461 1059 1612 1091 exciderit

339 1123 494 1154 persaepe
528 1113 620 1153 culpa
652 1113 899 1154 compilatorum.
957 1113 1001 1144 sic
1036 1123 1061 1144 e.
1092 1124 1120 1153 g.
1151 1113 1236 1144 Delii
1268 1113 1423 1154 Apollinis
1453 1113 1614 1144 Diaconus

339 1171 504 1205 utramque
537 1166 663 1197 exhibet
691 1166 934 1207 explicationem
964 1166 1015 1207 (ef.
1039 1177 1067 1206 p.
1096 1167 1187 1205 105):
1224 1166 1277 1196 καὶ
1310 1165 1428 1207 Δήλιος
1458 1162 1526 1195 ἀπὸ
1558 1166 1614 1194 τοῦ

340 1219 431 1261 δῆλος
453 1224 520 1256 τοῖς
544 1222 625 1249 πᾶσι
650 1220 843 1259 προκεῖσθαι
870 1219 921 1248 καὶ
946 1218 1025 1260 δῆλα
1049 1217 1088 1248 Ἰτὰ
1112 1217 1220 1248 πάντα
1243 1223 1356 1253 ποιεῖν,
1391 1227 1521 1257 quarum
1551 1226 1614 1247 una

340 1276 459 1303 tantum
493 1275 541 1303 est
572 1271 656 1312 apud
687 1272 895 1302 Macrobium:
943 1271 1053 1301 Delius
1085 1271 1323 1310 cognominatus
1355 1268 1421 1301 ἀπὸ
1452 1274 1509 1300 τοῦ
1536 1269 1613 1311 δῆλα

342 1325 394 1355 καὶ
418 1324 538 1365 φανερὰ
563 1323 669 1354 πάντα
693 1329 797 1354 ποιεῖν
820 1324 863 1364 τῷ
888 1326 982 1364 φωτί.
1029 1324 1102 1354 item
1119 1322 1266 1364 ἑκάεργος
1283 1323 1429 1355 vocabuli
1446 1323 1613 1362 originatio

340 1378 441 1409 altera
473 1380 599 1408 servata
630 1380 677 1408 est
708 1377 739 1407 in
764 1377 858 1407 schol.
886 1376 1004 1408 Genev.
1036 1377 1075 1407 ad
1101 1381 1127 1405 Φ
1151 1377 1229 1407 472:
1255 1374 1485 1416 Ἀπολλόδωρος
1509 1375 1540 1406 ἑν
1561 1376 1615 1416 W

340 1431 485 1461 καλεῖται
516 1429 540 1460 (3⁷
575 1428 674 1466 οὕτως
705 1427 771 1460 ἀπὸ
802 1431 857 1471 τῆς
888 1429 983 1471 ῥιπῆς
1014 1429 1199 1470 (Schwartzz
1229 1429 1346 1470 τρικῆς)
1370 1425 1412 1465 ὡς
1435 1427 1474 1459 ἄν
1498 1427 1614 1460 ἕκαθεν

340 1482 452 1524 εἴργων
477 1481 496 1524 ἢ
519 1481 635 1513 ἕκαθεν
659 1482 694 1512 τι)
720 1481 817 1513 ἴδιον
840 1482 929 1522 ἔργον
952 1480 1114 1517 ἐπιτελῶν,
1140 1482 1241 1513 altera
1265 1485 1296 1512 et
1319 1481 1403 1522 apud
1425 1482 1613 1513 Heraclitum

342 1546 367 1567 c.
388 1533 404 1567 7
423 1547 451 1577 p.
471 1538 520 1575 11,
537 1538 572 1567 5:
598 1532 614 1566 ὁ
631 1535 694 1565 τῶν
714 1535 795 1565 κατὰ
815 1537 990 1575 γεωμορίαν
1005 1534 1103 1576 ἔργων
1120 1533 1221 1571 αἴτιος
1245 1532 1431 1575 ἀνθρώποις
1454 1533 1614 1574 γενόμενος

342 1593 372 1620 et
405 1588 491 1629 apud
516 1589 705 1620 Diaconum:
737 1587 884 1629 ἑκάεργος
917 1586 983 1619 ἀπὸ
1007 1592 1065 1618 τοῦ
1094 1587 1210 1618 ἕκαθεν
1236 1586 1325 1629 ήμῶν
1357 1585 1399 1617 ὢν
1422 1585 1615 1628 ἐργάζεσθαι

341 1647 445 1672 ποιεῖν
476 1638 567 1683 ἡμᾶς.
600 1642 662 1673 iam
694 1652 768 1673 vero
801 1642 832 1672 in
861 1645 950 1673 tanta
974 1641 1268 1682 interpretationum
1292 1641 1445 1671 varietate
1470 1643 1499 1671 et
1523 1640 1615 1680 copia

342 1695 408 1725 fieri
441 1705 501 1726 non
534 1695 644 1735 potuit,
675 1699 708 1726 ut
740 1704 797 1735 par
827 1698 922 1734 atque
954 1694 1035 1725 idem
1068 1694 1210 1725 omnibus
1238 1703 1272 1724 se
1298 1694 1499 1724 offerentibus
1523 1693 1614 1724 unius

343 1748 431 1778 vocis
456 1748 568 1787 etymis
593 1748 744 1778 tribueret
768 1751 968 1787 momentum,
994 1747 1048 1778 sed
1073 1756 1203 1778 necesse
1228 1749 1276 1777 est
1298 1746 1446 1776 habuisse
1464 1756 1533 1777 eum
1550 1745 1615 1776 alia

343 1811 400 1841 pro
424 1801 592 1841 primariis,
619 1811 675 1841 pro
700 1800 895 1832 secundariis
920 1800 993 1841 alia,
1017 1809 1097 1839 quae
1131 1799 1188 1830 etsi
1214 1802 1374 1830 externam
1398 1797 1613 1829 tantummodo

343 1863 454 1883 vocum
479 1854 675 1884 continerent
699 1854 934 1884 similitudinem
958 1853 1010 1883 διὰ
1033 1852 1069 1883 τὸ
1093 1854 1311 1893 παρηχεῖσθαι
1335 1851 1384 1892 (cf.
1405 1862 1434 1891 p.
1453 1852 1503 1890 90,
1521 1851 1577 1891 91)
1593 1848 1615 1891 ἦ

343 1905 486 1947 συνᾴδειν
516 1906 597 1936 κατὰ
628 1905 765 1945 τοῦνομα
799 1906 904 1947 (Corn.
935 1917 965 1946 p.
991 1907 1041 1945 45,
1068 1906 1132 1946 20),
1166 1909 1270 1936 tamen
1306 1903 1391 1944 apud
1426 1906 1489 1934 tam
1524 1913 1615 1934 acres

344 1959 578 1990 similitudinum
613 1962 800 2000 captatores,
834 1959 944 1998 quales
975 1959 1070 1989 fuisse
1094 1958 1214 1999 priscos
1238 1957 1378 1987 homines
1402 1956 1461 1987 sibi
1486 1965 1614 1996 persua-

344 2015 438 2051 serat,
478 2012 517 2043 ad
556 2012 734 2052 effingenda
772 2012 899 2043 nomina
938 2012 1066 2043 deorum
1105 2014 1198 2050 atque
1237 2010 1351 2041 cultum
1391 2008 1614 2040 instituendum

344 2064 526 2095 viderentur
542 2065 724 2096 contulisse:
750 2068 804 2106 τῆς
819 2065 879 2105 γὰρ
903 2063 935 2094 ἐκ
960 2065 1020 2094 τῶν
1043 2061 1203 2102 ὀνομάτων
1219 2061 1452 2103 «παρεμφάσεως
1468 2059 1503 2092 οὐ
1519 2072 1614 2091 κατα-

345 2120 513 2158 φρονητέον
537 2118 635 2157 (Stob.
652 2129 680 2158 p.
698 2118 838 2157 418W.).
879 2119 922 2148 ita
945 2117 988 2157 fit,
1013 2120 1047 2147 ut
1063 2116 1161 2146 multa
1178 2125 1258 2155 quae
1275 2116 1414 2146 feruntur
1431 2113 1614 2155 Apollodori

345 2170 518 2209 veriloquia
540 2180 674 2202 veraenc
704 2170 914 2202 derivationes
943 2170 1004 2200 sint
1028 2179 1068 2200 an
1091 2167 1283 2210 παρηχήσεις
1306 2170 1445 2207 nequeat
1472 2166 1614 2198 discerni.
