1697 2530
745 203 786 233 23

127 309 280 351 convicia,
305 312 338 341 ut
362 319 424 340 non
448 309 583 348 videam,
610 318 665 339 cur
690 308 749 349 ipsi
776 308 935 339 Heraclito
961 306 1051 339 tidem
1074 307 1266 347 denegemus
1290 306 1335 337 sic
1359 306 1405 337 di-

127 363 210 395 centi
230 373 254 394 c.
273 364 313 394 79
338 373 367 403 p.
390 363 530 401 104,14:
556 361 638 402 πρὸς
660 361 716 400 μὲν
740 356 795 391 οὖν
820 360 976 391 Πλάτωνα
1000 361 1053 391 καὶ
1077 360 1178 391 πλείω
1199 359 1300 400 λέγειν
1315 358 1406 390 δυνά-

126 427 219 455 μενος
242 415 292 453 ἐῶ,
318 413 456 454 rothoma
480 426 493 444 vz
502 417 534 456 ἧς
559 414 760 456 Σωκρατικῆς
783 416 902 455 σοφίας
918 412 1110 453 αἰδούμενος.
1145 413 1294 444 habuisse
1311 412 1407 452 igitur

127 469 260 508 videtur,
290 469 371 500 unde
396 469 421 499 si
446 469 607 508 voluisset,
640 468 737 499 multo
763 468 856 499 ctiam
882 468 973 508 plura
998 477 1141 508 promere
1165 467 1328 507 potuisset.
1376 465 1405 496 id

127 522 211 563 quod
235 532 273 554 eo
298 522 492 563 probabilius
517 525 574 562 est,
601 522 684 561 quod
709 521 834 552 solitam
859 521 989 552 tractari
1014 521 1110 551 fuisse
1135 520 1214 551 hanc
1241 519 1404 550 materiam

127 580 250 608 constat
267 586 286 607 a
300 575 496 617 philosophis
512 575 689 606 rhetoribus
706 575 864 616 sophistis.
898 574 1024 615 scripsit
1040 573 1214 604 Aristocles
1227 572 1406 604 Messenius

128 630 359 670 Peripateticus
392 628 524 670 πότερον
557 627 803 668 σπουδαιὺῑερος
820 625 952 668 Ὅμηρος
978 625 994 668 ἢ
1018 625 1159 665 Πλάτων,
1184 626 1246 657 Dio
1271 625 1406 666 Chryso-

127 687 248 715 stomus
275 680 352 723 ὑπὲρ
370 678 503 723 Ὁμήρου
528 681 610 722 πρὸς
628 681 783 712 Πλάτωνα
799 680 836 716 (δ’,
862 680 997 721 Sarapio
1014 680 1122 711 Aelius
1147 680 1254 711 rhetor
1271 679 1406 710 Alexan-

128 737 237 768 drinus
261 736 415 767 Hadriani
447 735 590 775 aequalis
619 734 647 765 εἰ
671 734 802 771 δικαίως
826 732 960 764 Πλάτων
977 731 1108 775 Ὅλιιιχρον
1141 730 1320 772 ἀπέπεμψε
1353 736 1406 774 τῆς

129 790 301 827 πολιτείας,
327 789 485 830 Telephus
501 790 716 828 Pergamenus
737 788 811 828 περὶ
835 790 888 829 τῆς
911 785 1043 829 Ὁμήρου
1067 786 1120 816 καὶ
1137 784 1308 823 Πλάτωνος
1332 797 1407 825 συμ-

128 845 258 884 φωνίας,
294 843 332 874 de
365 843 477 882 quibus
509 842 596 873 libris
625 851 644 872 a
676 841 774 873 Suida
806 851 828 871 s.
863 853 907 872 εὐ.
933 840 1184 871 commemoratis
1218 840 1255 871 cf.
1287 839 1406 879 Senge-

128 897 235 928 busch.
260 897 332 927 diss.
358 896 445 927 Hom.
470 896 485 926 l
509 906 538 936 p.
558 897 628 926 119.

218 949 281 981 Sed
306 949 440 981 fortasse
465 959 534 980 cum
559 948 711 980 Heracliti
736 948 766 978 in
792 948 955 978 Platonem
980 947 1158 978 maledictis
1184 946 1249 977 alia
1282 956 1406 986 quoque

128 1003 349 1043 coniungenda
373 1003 515 1043 quaestio
541 1005 596 1034 est.
644 1002 786 1033 nimirum
812 1001 900 1040 illud,
929 1000 1013 1041 quod
1038 1003 1202 1042 praestare
1228 999 1407 1031 Heraclitus

129 1057 186 1088 lioc
210 1057 317 1087 libello
342 1056 439 1087 voluit
473 1060 503 1087 et
534 1065 646 1087 revera
678 1055 845 1096 praestitit⁷
882 1055 909 1086 si
942 1058 1103 1086 externam
1136 1054 1240 1094 operis
1274 1053 1407 1084 formam

128 1114 264 1151 spectas
289 1119 351 1140 non
368 1110 516 1140 continua
533 1112 563 1140 et
581 1108 754 1140 cohaerens
770 1108 831 1139 sibi
848 1108 1020 1148 disputatio
1038 1111 1093 1146 est,
1118 1107 1173 1138 sed
1191 1107 1407 1147 quaestionum

125 1163 319 1203 singularum
345 1163 395 1193 vel
412 1152 640 1203 problematum
663 1161 817 1202 collectio,
843 1161 875 1192 id
892 1161 975 1201 quod
993 1171 1074 1192 nunc
1091 1161 1142 1191 vel
1158 1161 1246 1192 titulo
1265 1171 1282 1192 e
1300 1160 1406 1192 codice

125 1216 355 1248 Mediolanensi
388 1215 533 1247 restituto
566 1215 746 1246 declaratur
779 1216 831 1255 (ci.
858 1214 1013 1246 Oelniann
1038 1215 1137 1255 praef.
1161 1225 1191 1255 p.
1216 1214 1407 1255 XXXVIII).

125 1270 206 1302 hanc
224 1273 330 1301 autem
348 1269 502 1300 rationem
522 1269 552 1299 in
571 1278 767 1300 communem
782 1268 935 1299 Heracliti
953 1272 984 1299 et
1001 1267 1161 1299 Plutarchi
1177 1277 1258 1308 pers.
1289 1268 1406 1299 fontem

125 1323 240 1355 cadere
265 1333 325 1354 non
350 1322 502 1364 potuisse⁷
533 1322 630 1353 semel
655 1322 791 1353 monitus
816 1321 979 1353 concedes.
1026 1331 1161 1361 namque
1195 1321 1248 1352 ubi
1281 1321 1313 1351 in
1344 1331 1408 1352 una

126 1383 156 1409 et
187 1377 336 1408 continua
367 1376 639 1416 argumentatione
672 1376 859 1406 versabatur
890 1378 958 1406 tota
989 1375 1171 1415 disputatio⁷
1210 1384 1314 1414 neque
1346 1374 1407 1405 ista

126 1429 304 1470 inquirendi
327 1429 409 1461 ratio
435 1432 560 1470 poterat
577 1428 722 1460 adhiberi
739 1439 797 1460 nec
815 1428 1038 1470 patrocinandi
1056 1428 1274 1469 purgandique
1292 1431 1406 1469 poetae

125 1483 270 1521 studium,
295 1482 377 1523 quod
402 1483 605 1524 conspicuum
631 1485 679 1514 est
704 1483 734 1514 in
752 1482 923 1513 Heraclito.
972 1492 1047 1522 ergo
1073 1481 1159 1512 aliud
1176 1480 1335 1520 quoddam
1353 1491 1406 1512 ex-

125 1537 243 1568 stitisse
261 1546 341 1578 opus
357 1535 606 1567 concludendum
624 1540 679 1576 est,
705 1546 724 1567 a
741 1546 802 1575 quo
820 1536 851 1566 iu
869 1535 937 1566 istis
954 1535 1047 1566 rebus
1064 1535 1244 1566 Heraclitus
1261 1535 1407 1575 pendeat.

126 1590 208 1630 quod
232 1600 305 1621 num
330 1589 414 1621 idem
438 1589 532 1620 fuerit
556 1599 644 1629 opus,
670 1599 730 1629 quo
751 1589 914 1620 Platonem
938 1588 1157 1629 impugnatum
1181 1589 1278 1619 fuisse
1303 1589 1406 1629 suspi-

126 1644 190 1675 cati
214 1653 320 1675 sumus
344 1642 531 1674 hariolantis
556 1653 632 1674 sane
658 1646 741 1674 esset
757 1643 838 1674 velle
861 1642 1050 1681 diiudicare3
1075 1652 1187 1673 moneo
1205 1645 1310 1673 tamen
1327 1642 1407 1673 veri-

127 1697 272 1728 similiter
295 1697 471 1728 coniectum
496 1706 515 1726 a
540 1697 572 1727 P.
596 1696 729 1736 Hageno
764 1706 834 1727 esse
860 1696 890 1726 in
917 1695 1044 1733 Quaest.
1070 1695 1201 1727 Dioneis
1233 1696 1319 1735 (diss.
1343 1695 1406 1726 Kil.

130 1751 227 1790 1887)
251 1761 281 1791 p.
300 1751 351 1790 68,
378 1750 512 1781 Dionem
537 1750 568 1780 in
593 1760 636 1780 or.
662 1751 713 1787 53,
729 1751 747 1780 3
778 1749 882 1780 verbis
907 1749 1007 1780 hisce:
1034 1748 1108 1790 περὶ
1137 1748 1194 1788 μὲν
1218 1748 1255 1790 δὴ
1288 1748 1408 1779 τούτων

125 1802 229 1845 ἕτερος
253 1802 344 1843 λόγος
368 1803 421 1833 καὶ
444 1802 636 1844 μακρότερος
668 1803 720 1833 καὶ
752 1799 787 1832 οὗ
818 1802 936 1844 ῥᾴδιος,
969 1801 1104 1843 πότερον
1121 1800 1255 1843 Ὅμηρος
1285 1800 1407 1844 ’ὴζιιαρϊε

127 1857 201 1898 περὶ
225 1861 325 1887 ταῦτα
351 1855 367 1898 ἢ
391 1856 547 1897 φυσικοί-ς
570 1868 657 1893 τινας
680 1854 806 1893 ἐνόντας
830 1855 861 1886 ἑν
885 1861 951 1892 τοῖς
974 1854 1094 1895 μύθοις
1118 1854 1231 1895 λόγους
1248 1855 1328 1886 κατὰ
1353 1855 1408 1897 τὴν

127 1909 198 1941 τότε
225 1909 395 1952 συνήθειαν
420 1908 594 1950 παρεδίδου
619 1915 685 1946 τοῖς
716 1908 905 1950 ιῖνθρώποις
928 1909 1124 1949 significasse
1149 1918 1231 1949 quae
1255 1909 1287 1940 in
1318 1909 1407 1940 libris

128 1961 206 2004 ὑπὲρ
229 1961 355 2005 Ὁμήρου
380 1963 460 2004 πρὸς
483 1962 639 1993 Πλάτωνα
665 1967 750 1994 esset
774 1963 842 2003 ipse
867 1965 1067 1993 tractaturus.

216 2016 280 2048 Sed
303 2027 342 2048 ne
367 2016 502 2058 amplius
527 2027 702 2048 commorer
726 2017 756 2047 in
782 2020 846 2048 tam
870 2016 991 2047 lubrico
1014 2016 1264 2047 coniecturarum
1282 2025 1406 2057 campo,

128 2073 276 2101 converto
301 2080 349 2101 me
375 2070 414 2101 ad
440 2080 487 2109 ca,
512 2080 594 2110 quae
620 2080 658 2101 ex
683 2070 875 2110 Apollodoro
900 2070 1086 2101 Atheniensi
1117 2069 1260 2101 hausisse
1283 2069 1408 2100 videtur

130 2122 316 2154 Heraclitus.
364 2127 458 2163 atque
486 2124 519 2154 R.
552 2123 677 2164 quidem
703 2123 876 2155 Miinzelius
908 2123 940 2154 in
969 2123 1202 2163 dissertatione,
1235 2133 1329 2163 quam
1361 2123 1406 2152 in-

129 2175 254 2215 scripsit
278 2176 344 2215 „De
361 2177 548 2218 Apollodori
572 2177 645 2218 περὶ
670 2177 756 2208 θεῶν
781 2177 889 2208 libris“
916 2177 1026 2216 (Bonn.
1046 2177 1153 2215 1883),
1179 2175 1406 2217 Apollodorum

132 2228 254 2259 censuit
287 2233 561 2261 commemoratum
596 2230 692 2262 fuisse
724 2230 755 2261 in
790 2240 923 2271 corpore
955 2230 1178 2270 allegoriarum
1215 2239 1234 2260 a
1265 2228 1406 2260 Dielesio
