1697 2530
750 155 812 201 1153

139 262 310 302 tellegitur,
336 261 441 302 opinio
464 261 562 292 fusius
588 260 763 302 explicatur
787 261 817 292 in
843 260 971 292 scholiis
996 260 1049 290 BT
1073 259 1114 291 ad
1132 263 1160 289 II
1176 260 1254 290 233:
1279 258 1360 296 τινὲς
1384 258 1415 289 δὲ

140 313 294 356 Δωδώνην
317 314 374 356 τήν
397 317 461 356 γῆν,
495 312 639 355 παρόσον
667 312 774 344 πάντα
803 313 946 344 δίδωσιν·
971 312 1174 353 δυσχείμερον
1206 314 1251 351 (Π
1269 312 1346 353 234)
1372 311 1415 347 δέ,

139 366 188 399 ὅτι
212 367 331 408 πάγοις
355 367 406 398 καὶ
432 372 564 408 κρυμοῖς
589 366 652 397 ὑπὸ
684 368 738 397 τοῦ
765 364 898 407 οὐρανοῦ
922 369 1094 405 συνέχεται.
1128 384 1169 388 —
1195 364 1225 396 οἱ
1249 364 1284 396 δέ
1306 363 1417 396 (Πελα-

139 418 236 462 σγικέ’
259 415 295 451 οὗ
313 421 490 461 (legendum
508 418 570 460 ὅτι)
593 420 693 457 πέλας
715 418 800 450 ἒσῐὶν
824 417 840 450 ὁ
865 417 941 461 α’ήρ“
965 417 1094 461 ί’τηλόθι
1119 418 1150 449 δὲ
1170 416 1284 454 ναίων),
1309 416 1418 461 ἐπειδὴ

139 473 156 505 ὁ
181 473 284 516 αἰθήρ
308 472 438 505 ἄποθεν
465 472 559 516 ἡμῶν.
609 472 690 510 Ζεῦς
720 472 780 514 γάρ
810 470 895 503 ἐστιν
919 470 937 512 ἦ
968 475 1026 502 τοῦ
1059 470 1177 511 κόσμου
1209 471 1297 513 ψυχὴ
1331 469 1418 512 6890-

139 527 223 569 ειόι]’ς
247 523 336 558 οὖσα.
377 530 500 559 constat
524 527 619 567 igitur
634 526 862 567 Apollodorum
886 525 987 566 primo
1012 525 1093 556 libro
1111 525 1290 566 disputasse
1308 529 1418 556 contra

139 581 272 612 Stoicos.
320 581 427 620 itaque
452 580 492 611 ad
517 579 650 612 eundem
675 579 787 610 librum
812 578 1012 610 referendum
1038 581 1095 617 est,
1121 578 1205 618 quod
1222 578 1298 609 dicit
1314 577 1419 609 Philo-

141 635 249 666 demus
281 633 355 675 περὶ
386 631 545 673 εὐσεβείας
578 644 606 674 p.
631 634 672 664 64
709 632 879 673 Gomperz:
917 629 1179 673 (Ἀπολλώόωρος
1203 657 1208 663 .
1234 657 1239 662 .
1265 657 1270 663 .
1305 630 1332 662 εἰ
1366 631 1416 661 καὶ

138 686 275 727 μάχεται
299 691 366 724 τοῖς
389 687 618 717 συνοικειοῦσιν.

229 739 317 771 Libri
352 739 482 771 alterius
518 742 669 780 superant
704 740 881 779 fragmenta
915 738 1007 769 haec:
1044 738 1130 769 Stob.
1155 737 1261 778 Eclog.
1291 737 1419 778 physl

141 795 182 825 24
207 804 236 834 p.
255 793 378 824 207W:
403 790 642 833 Ἀπολλόδωρος
673 790 704 822 ἐν
735 794 779 833 τῷ
811 792 945 832 δευτέρῳ
976 792 1050 832 περὶ
1080 792 1168 822 θεῶν
1197 792 1420 831 Πυθαγορείων

141 842 221 877 εἶναι
245 845 299 888 τὴν
327 846 402 886 περὶ
429 846 486 877 τοῦ
510 845 564 877 τὸν
588 843 684 876 αὐτὸν
708 841 789 876 εἶναι
820 844 993 886 φωσφόρον
1016 856 1050 875 τε
1073 844 1126 875 καὶ
1151 843 1283 885 ἕσπερον
1314 843 1418 882 δόξαν.

140 899 270 931 Erotian
294 899 353 931 lex.
378 899 540 940 Hippoer.:
566 897 716 940 Χάριτες·
741 897 773 929 αἱ
799 901 907 939 χαριιί·
933 896 974 935 ὥς
990 898 1042 928 καὶ
1062 897 1226 939 Σοφοκλῆς
1241 896 1273 928 ἐν
1288 895 1419 939 ἐλεγείᾳ.

140 955 294 994 μέμνηται
320 952 353 983 δὲ
377 953 429 983 καὶ
450 950 683 992 Ἀπολλόδωρος
706 950 737 982 ἐν
761 952 896 992 δεκτέρῳ
921 951 994 992 περὶ
1019 952 1114 982 θεῶν.
1161 951 1239 993 φησὶ
1263 950 1297 981 δὲ
1321 947 1421 988 αὗῑάς

142 1006 299 1048 κληθῆναι,
323 1004 391 1037 ἀπὸ
414 1005 470 1046 μὲν
494 1008 548 1048 τῆς
572 1008 672 1046 χαρᾶς
691 1005 848 1046 Χάριτας’
878 1004 930 1036 καὶ
954 1004 1015 1046 γὰρ
1039 1003 1196 1042 πολλάκις
1227 1003 1257 1034 οἱ
1288 1004 1420 1046 ποιηταὶ

141 1059 194 1101 τὴν
217 1056 329 1100 ’χάριν’
353 1059 456 1100 χαράν
479 1060 635 1090 καλοῦσιν.

231 1113 319 1144 Haec
343 1123 412 1144 cum
430 1113 605 1152 considero,
630 1122 691 1144 non
708 1122 836 1153 possum
861 1112 936 1142 mihi
954 1115 1142 1152 temperare,
1168 1111 1242 1151 quin
1267 1110 1420 1142 coniciam

140 1166 200 1197 hoc
234 1166 265 1197 in
296 1166 377 1197 libro
412 1166 640 1206 Apollodorum
682 1165 821 1196 nondum
853 1165 994 1205 singulos
1028 1164 1179 1205 deinceps
1219 1163 1421 1205 interpretari

142 1219 218 1251 deos
261 1220 404 1261 coepisse
441 1220 496 1251 sed
530 1220 561 1250 in
597 1219 776 1250 universum
813 1219 1001 1260 explicasse,
1042 1229 1105 1258 qua
1143 1218 1266 1249 ratione
1303 1218 1421 1249 inducti

141 1273 284 1304 homines
309 1272 416 1304 divina
447 1273 576 1303 numina
600 1276 630 1303 et
654 1271 863 1303 credidissent
890 1275 921 1303 et
945 1272 1082 1303 humana
1106 1271 1213 1313 speeie
1238 1271 1421 1302 induissent.

141 1326 315 1367 persimilia
339 1326 451 1357 saltem
476 1328 558 1366 sunt,
584 1335 666 1365 quae
691 1329 913 1357 enumerantur
939 1325 971 1356 in
997 1325 1183 1364 quaestione
1200 1324 1422 1366 Porphyriana

142 1389 234 1419 quam
259 1389 358 1420 supra
374 1379 614 1411 commemoravi
632 1381 673 1420 (p
693 1378 1019 1419 112‚1ss.Sehrad.:)
1044 1376 1130 1415 Ηώς,
1156 1377 1232 1416 Νύξ,
1250 1375 1341 1420 ‘'Hp'q,
1358 1382 1422 1409 tum

136 1431 234 1472 Ἔρις,
254 1431 364 1473 Ἔρως,
399 1431 549 1471 κυδοιμὸς
583 1431 696 1473 μάχης,
733 1431 817 1472 αἰγίς
853 1434 894 1473 (p.
927 1434 979 1471 40,
1004 1434 1115 1471 26ss..)
1161 1431 1218 1463 sed
1253 1431 1326 1462 nolo
1363 1431 1422 1463 hoe

143 1495 297 1527 premere.
345 1489 479 1526 apparet
503 1489 587 1517 certe
611 1485 698 1516 illam
723 1486 875 1526 eclogam,
900 1486 927 1516 si
950 1490 1035 1517 recte
1061 1495 1157 1526 supra
1181 1485 1421 1526 disputavimus,

142 1539 174 1569 in
210 1539 312 1579 prima
348 1539 451 1579 operis
486 1542 578 1579 parte
613 1538 719 1570 sedem
744 1538 903 1577 habuisse,
939 1539 970 1570 in
1007 1549 1070 1578 qua
1103 1541 1346 1570 consentaneum
1375 1541 1424 1569 est

145 1591 373 1633 Apollodorum
398 1592 564 1623 inferiores
589 1602 626 1623 ac
650 1592 797 1632 minores,
822 1602 884 1623 non
909 1592 1044 1623 selectos
1069 1591 1145 1623 deos
1170 1601 1207 1623 ac
1231 1591 1423 1633 praecipuos

143 1645 373 1687 percensuisse.

233 1698 333 1729 Tertii
356 1698 429 1729 libri
453 1709 549 1729 unum
573 1698 709 1730 traditur
732 1698 942 1738 fragmentum
967 1698 1065 1729 schol.
1083 1698 1141 1738 Ap.
1158 1697 1257 1729 Rhod.
1282 1698 1296 1729 I
1323 1699 1421 1729 1124:

145 1749 163 1793 ἡ
187 1751 246 1792 γὰρ
278 1751 353 1792 δρῦς
384 1751 452 1793 ἱερεῖ
487 1752 541 1793 τῆς
571 1749 667 1788 Ῥέας,
702 1748 744 1788 ὥς
775 1761 872 1793 φησιν
892 1749 1127 1792 Ἀπολλόδωρος
1158 1749 1190 1781 ἐν
1220 1753 1317 1792 τρίτῳ
1349 1751 1424 1792 περὶ

144 1806 239 1836 θεῶν.
286 1805 351 1836 noli
375 1808 482 1836 tamen
506 1805 577 1836 hinc
602 1805 792 1837 concludere
813 1804 1070 1846 interpretandae
1088 1804 1197 1836 Rheae
1222 1814 1293 1836 eum
1310 1805 1424 1836 librum

144 1858 334 1890 destinatum
358 1859 465 1890 fuisse.
512 1868 584 1889 nam
610 1868 679 1890 eun]
697 1868 714 1889 e
730 1858 899 1898 Porphyrii
923 1857 997 1899 περὶ
1023 1854 1215 1898 ἀγαλμάτων
1231 1857 1312 1888 libro
1330 1857 1423 1889 valde

144 1911 312 1943 verisimile
349 1912 390 1943 sit
425 1912 463 1943 de
495 1912 610 1943 Cerere
641 1911 836 1952 Proserpina
866 1910 999 1942 Plutone
1032 1910 1185 1941 Themide
1222 1910 1336 1942 ceteris
1372 1911 1425 1950 qui

144 1965 289 1996 habitare
313 1965 345 1997 in
368 1969 454 1997 terra
479 1965 683 1997 crederentur
708 1964 756 1995 dis
781 1964 970 1996 coniunctim
986 1963 1212 2005 Apollodorum
1238 1964 1425 2005 explicasse,

145 2027 239 2058 porro
271 2027 340 2049 cum
372 2018 411 2050 de
436 2018 551 2050 Cerere
581 2018 613 2049 in
645 2018 726 2049 libro
761 2017 883 2049 decimo
912 2021 1035 2057 quarto,
1069 2016 1107 2048 de
1132 2016 1359 2048 Eumenidibus
1392 2017 1423 2048 in

147 2070 267 2101 decimo
291 2072 435 2112 septimo,
464 2072 503 2103 de
521 2071 601 2103 Orco
626 2071 656 2102 in
681 2071 830 2103 vicesimo
856 2075 959 2102 actum
984 2070 1081 2101 fuisse
1098 2074 1229 2109 constet,
1255 2070 1424 2102 verisimile

146 2132 208 2154 non
232 2123 356 2155 videtur
378 2125 509 2162 Rheam,
535 2135 616 2165 quae
641 2128 672 2156 et
696 2124 767 2165 ipsa
791 2133 861 2155 esse
878 2128 962 2155 terra
979 2124 1176 2164 credebatur,
1201 2124 1335 2164 primam
1359 2124 1425 2155 fere

146 2176 241 2208 totius
277 2178 381 2217 operis
416 2178 477 2209 sibi
511 2178 619 2210 sedem
652 2178 840 2209 vindicasse.
888 2181 919 2209 et
955 2180 1002 2208 est
1038 2177 1171 2208 alterum
1207 2177 1240 2208 in
1263 2177 1422 2218 Apollonii

1231 2238 1263 2264 ὃ*
