1697 2530
220 592 333 624 Studia
364 595 394 624 in
419 593 606 635 Apollodori
638 594 713 635 περὶ
745 595 832 624 θεῶν
864 594 1043 634 fragmenta
1075 604 1136 624 non
1168 594 1316 634 neglecta
1340 598 1411 626 sunt

131 648 238 677 aetate
263 652 379 686 nostra,
404 647 498 678 inuno
524 657 563 678 ex
588 656 648 687 quo
673 651 815 688 tempore
840 648 996 678 Robertus
1021 646 1177 683 Mlinzel¹)
1206 648 1412 680 fundamenta

131 699 177 730 eis
203 699 275 730 iecit
304 700 471 740 ingeniosa
495 700 778 740 argumentatione,
812 710 874 740 qua
897 700 1025 732 fluxisse
1050 711 1088 731 ex
1112 701 1170 731 hoc
1196 710 1293 741 opere
1318 701 1413 732 evicit

130 756 162 783 et
179 752 333 784 Macrobii
350 753 430 794 (Sat.
448 753 461 784 I
479 763 504 785 c.
525 754 576 794 17)
602 757 633 785 et
657 753 954 785 Pseudo-Heracliti
978 755 1018 794 (c.
1037 754 1070 794 7)
1095 758 1126 785 et
1150 753 1279 785 Cornuti
1304 758 1341 793 (c.
1355 755 1410 796 32)

131 805 170 837 de
194 806 342 847 Apolline
373 806 613 847 explicationes,
644 817 706 838 non
738 807 839 838 solum
870 807 908 838 de
943 808 1139 847 cognitorum
1164 808 1411 848 fragmentorum

131 859 237 890 indole
274 870 311 891 ac
348 860 470 891 ratione
510 860 626 891 rectius
666 860 825 892 iudicandi
864 860 954 891 nobis
994 860 1120 902 copiam
1158 861 1232 892 feeit
1271 861 1412 892 Eduardi

130 912 315 944 Schwartzii
351 923 448 954 opera
477 913 542 944 PW
574 924 605 954 p.
634 914 729 953 2873,
760 914 816 945 sed
848 914 943 945 etiam
982 914 1115 945 latentia
1148 914 1188 945 ad
1224 915 1256 945 id
1287 918 1411 956 tempus

131 976 231 1006 eaque
263 970 312 997 sat
348 967 455 1008 ampla
491 971 694 998 accesserunt
735 967 892 1007 fragmina
924 978 994 999 cum
1027 967 1098 998 aliis
1132 977 1171 999 ex
1206 967 1411 1009 scriptoribus

129 1022 194 1050 tum
227 1029 266 1050 ex
297 1020 463 1061 Porphyrii
497 1020 735 1060 quaestionibus
768 1020 945 1051 Homericis
980 1025 1170 1062 recuperata
1205 1021 1245 1051 ab
1278 1021 1411 1052 Ernesto

130 1072 344 1104 Hefermehlio
354 1073 386 1111 ²).
422 1073 479 1104 sed
514 1073 611 1104 nihilo
641 1073 745 1104 secius
769 1074 918 1104 incohata
941 1074 1043 1114 magis
1068 1074 1284 1115 Apollodorea
1307 1074 1413 1106 studia

130 1135 224 1165 quam
253 1125 294 1156 ad
323 1126 440 1157 exitum
470 1127 623 1167 perducta
652 1137 722 1158 esse
751 1136 852 1166 neque
882 1127 1127 1158 Hefermehlium
1158 1128 1248 1158 latuit
1275 1131 1308 1159 et
1335 1128 1412 1158 mihi

128 1178 339 1220 Porphyrium
375 1179 581 1220 perlustranti
622 1181 860 1221 comprobatum
903 1184 958 1212 est.
995 1181 1102 1220 itaque
1138 1186 1172 1212 ut
1207 1181 1413 1222 praecedenti

129 1233 404 1273 argumentatione
429 1232 468 1263 de
493 1233 762 1273 Pergamenorum
786 1234 1064 1273 grammaticorum
1088 1234 1201 1265 studiis
1226 1234 1412 1274 theologicis

129 1285 272 1326 exposui,
296 1285 340 1316 ita
365 1285 403 1317 de
429 1286 606 1317 contrariae
623 1296 748 1326 quoque
766 1291 872 1317 sectae
891 1287 1059 1327 disciplina
1075 1297 1135 1318 non
1154 1287 1293 1318 alienum
1311 1287 1412 1318 visum

130 1343 178 1370 est
209 1339 336 1370 brevem
368 1339 557 1379 subiungere
591 1339 845 1380 disputationem.
882 1345 978 1380 atque
1012 1341 1146 1381 primum
1178 1340 1305 1380 quidem
1330 1350 1414 1372 nova

130 1392 287 1432 quaedam
300 1393 405 1433 operis
419 1392 492 1432 περὶ
507 1394 592 1423 θεῶν
604 1393 784 1433 fragmenta
797 1393 921 1433 singula
938 1393 1089 1434 deinceps
1107 1394 1195 1425 libuit
1213 1404 1412 1435 percensere,

130 1449 196 1476 tum
221 1446 259 1476 de
284 1446 432 1477 universa
456 1446 562 1487 operis
586 1446 708 1477 ratione
734 1450 767 1477 ut
792 1446 941 1478 auderem
965 1447 1064 1478 verba
1080 1447 1195 1487 facere,
1220 1451 1339 1478 motum
1363 1457 1412 1479 me

130 1509 201 1530 esse
235 1499 312 1530 scito
344 1499 415 1539 ipsa
438 1499 548 1530 horum
573 1499 823 1539 fragmentorum
848 1499 963 1539 indole⁷
996 1510 1078 1540 quae
1106 1500 1139 1532 id
1162 1505 1196 1532 ut
1220 1501 1413 1541 susciperem

130 1556 250 1583 tantum
274 1562 337 1583 non
360 1551 527 1584 videbatur
551 1552 704 1593 flagitare.

221 1641 240 1673 ¹)
260 1641 298 1666 De
319 1640 476 1673 Apollodori
496 1643 556 1673 περὶ
578 1641 653 1665 θεῶν
673 1640 757 1667 libris.
779 1640 848 1667 Diss.
870 1641 956 1667 Bonn.
976 1642 1053 1667 18:43.

221 1684 241 1718 5³)
261 1685 358 1711 Studia
386 1685 414 1711 in
434 1685 593 1717 Apollodori
622 1687 682 1719 περὶ
702 1684 778 1709 θεῶν
803 1685 902 1719 fragm.
924 1686 1101 1712 Genevcnsia.
1131 1686 1202 1712 Diss.
1224 1686 1313 1713 Berol.
1336 1687 1412 1713 1905.

1220 2258 1252 2283 6*
